3644 5158
707 367 880 432 ...51-

229 526 355 592 Paucos
371 547 450 592 vero
465 527 494 591 si
509 526 734 608 decesyllabos
750 549 826 591 cum
842 526 975 592 duobus
987 526 1150 592 trochaeis
1167 526 1406 593 animadvertis

188 632 240 697 his
256 634 292 697 in
308 632 479 714 poematis,
496 633 666 713 pauciores
683 637 762 697 sunt
778 653 892 698 versus
909 632 969 697 ubi
985 631 1051 696 duo
1067 637 1201 697 tanturn
1218 632 1321 696 iambi
1340 655 1405 697 ser·

189 745 320 804 vantur.
343 737 435 802 Solos
456 739 547 804 enim
566 739 601 802 in
621 737 781 802 Paradiso
800 737 935 802 Amisso
954 737 1180 818 Paradisoque
1199 737 1407 820 Recuperato

190 845 248 908 hos
261 843 451 908 notavimus
466 843 516 922 (P.
532 843 569 907 L.
584 844 625 920 V,
641 841 723 921 7503
740 842 801 921 VI,
817 844 899 920 866;
915 842 995 921 VII,
1011 843 1093 920 5183
1110 843 1153 921 X,
1169 845 1252 921 205;
1268 843 1305 910 P.
1321 842 1362 910 R.
1378 843 1407 921 Ι,

190 949 251 1014 361
264 973 271 1026 ;
288 948 349 1026 IV,
363 949 427 1014 289
442 971 479 1014 ac
494 948 632 1014 fortasse
648 949 685 1014 P.
701 947 742 1012 R.
759 949 808 1025 II,
823 949 911 1028 405),
927 955 1117 1032 ceterosque
1131 950 1260 1029 abipso
1274 948 1408 1014 Messon

190 1056 308 1122 citatos
327 1053 401 1132 l(P.
418 1054 455 1119 L.
472 1055 501 1131 I,
516 1054 568 1132 21,
584 1055 647 1120 122
657 1077 666 1132 ;
683 1053 743 1132 IV,
760 1055 833 1133 830,
850 1055 932 1133 865;
949 1053 1010 1132 VI,
1028 1056 1109 1132 9123
1126 1053 1164 1118 P.
1181 1054 1221 1120 R.
1239 1055 1308 1133 ΙΙΙ,
1324 1055 1407 1132 443;

191 1160 251 1238 IV,
268 1159 342 1238 279,
358 1160 435 1240 423)
451 1161 549 1225 aliter
563 1168 664 1244 atque
679 1159 737 1225 ille
753 1160 925 1228 scansione
939 1161 1107 1225 metimur.
1126 1159 1193 1232 Qui
1210 1161 1313 1225 etiam
1328 1183 1409 1242 pen·

192 1270 350 1330 tametros
371 1267 479 1346 epicos
502 1265 671 1330 invenisse
690 1286 932 1346 nonnunquam
955 1264 1065 1330 dieit²
1083 1265 1142 1330 ubi
1164 1287 1252 1330 unus
1275 1270 1408 1330 tantum

193 1371 322 1436 iambus
346 1373 519 1435 retinetur.
543 1371 614 1436 Hos
637 1377 750 1435 tamen
773 1370 823 1449 (P.
846 1370 884 1435 L.
907 1369 937 1448 I,
961 1369 1043 1448 3763
1067 1371 1129 1449 VI,
1152 1371 1234 1449 8663
1259 1371 1303 1448 X,
1327 1372 1410 1449 9363

191 1475 229 1540 P.
241 1475 283 1540 R.
297 1474 347 1553 ΙΙ,
358 1475 431 1552 243,
442 1475 521 1555 405)
535 1473 562 1539 01
573 1476 740 1552 scruteris,
753 1475 789 1539 10
800 1476 931 1540 cunctis
940 1474 1022 1541 duos
1041 1475 1160 1542 saltem
1180 1475 1307 1540 iambos
1318 1475 1411 1554 legas

193 1582 373 1649 dummodo
391 1583 567 1648 verborum
585 1583 806 1664 prolationem
826 1583 887 1650 illo
905 1589 1052 1665 tempore
1071 1584 1232 1650 usitatam
1251 1584 1411 1649 observes.

194 1687 290 1762 Quod
310 1687 353 1753 ad
372 1684 534 1753 ultimum
554 1689 746 1770 exemplum
767 1689 891 1753 attinet
914 1713 921 1753 ε
945 1716 959 1750 ι
985 1687 1079 1766 Ηο11,
1102 1687 1169 1753 Son
1189 1688 1225 1753 oi
1244 1688 1302 1752 the
1324 1687 1413 1752 Most

196 1793 301 1874 High,
319 1793 394 1858 heir
408 1794 443 1860 oi
458 1795 540 1860 both
555 1794 675 1860 worlds
695 1821 710 1856 1
726 1795 776 1874 (P.
794 1794 835 1860 R.
852 1794 914 1872 IV,
932 1793 1017 1872 633),
1036 1795 1072 1858 10
1089 1793 1259 1876 quoidam
1277 1793 1412 1859 Messon

193 1921 237 1964 ne
245 1922 352 1966 unum
362 1899 497 1980 quidem
509 1900 657 1965 iambum
668 1902 829 1981 agnoscit,
843 1923 903 1966 nos
914 1904 1031 1966 contra
1040 1906 1117 1983 post
1127 1901 1275 1982 primum
1284 1899 1413 1982 pedem,

197 2026 295 2085 quem
313 2002 367 2069 vel
386 2005 580 2070 trochaeum
599 2007 653 2071 vel
672 2004 859 2088 spondeum
878 2005 1043 2084 audimus,
1064 2012 1161 2071 tonos
1179 2007 1215 2070 in
1235 2005 1337 2070 verba
1354 2005 1414 2082 1110,

195 2109 301 2190 Hiyb,
321 2109 391 2173 beir
409 2116 442 2176 et
461 2110 578 2174 weride
596 2110 798 2189 collocando,
818 2117 885 2177 tres
904 2112 1031 2180 iambos
1052 2113 1196 2194 reperire
1215 2111 1413 2177 0100110001.

238 2223 345 2289 Nobis
364 2247 443 2290 vero
462 2225 640 2289 Miltonius
659 2225 795 2290 videtur
812 2247 880 2290 non
901 2225 1008 2291 solum
1026 2224 1104 2306 plus
1123 2225 1233 2290 tribus
1251 2226 1415 2290 trochaeis

197 2350 369 2411 nunquam
386 2329 578 2395 adhibuisse
593 2330 649 2396 sed
666 2331 768 2396 etiam
787 2332 848 2396 hos
864 2330 1035 2396 trochaeos
1050 2351 1224 2412 nunquam
1241 2331 1416 2396 continuos

198 2435 234 2500 10
249 2458 347 2500 versu
361 2435 570 2517 disposuisse.
588 2436 623 2500 Si
639 2459 720 2518 quos
735 2435 971 2519 decasyllabos,
988 2437 1105 2502 sicut«
1125 2436 1244 2502 Shoots
1260 2435 1417 2502 invisible

197 2542 307 2606 virtue
320 2541 393 2605 e'en
403 2548 438 2606 to
450 2543 508 2606 the
522 2541 643 2622 Deep»
663 2541 716 2620 (P.
731 2541 769 2606 L.
784 2542 854 2619 III,
869 2541 947 2622 586)
962 2549 1023 2608 et«
1042 2543 1096 2608 On
1108 2565 1128 2606 a
1141 2542 1313 2619 sunbeam,
1328 2539 1418 2606 swift

201 2670 236 2711 as
248 2671 267 2711 a
279 2647 436 2728 shooting
448 2655 516 2713 star
533 2674 549 2710 1
562 2646 612 2727 (P.
626 2647 664 2712 L.
679 2647 740 2725 IV,
753 2647 830 2727 556)
844 2648 924 2713 11010
937 2648 1217 2713 animadversioni
1231 2670 1418 2729 repugnare

201 2753 380 2830 existimes,
403 2754 594 2818 meminisse
615 2758 744 2835 oportet
763 2753 920 2820 ultimam
940 2753 1033 2819 verbi
1051 2755 1152 2817 virtue
1173 2752 1337 2834 syllabam
1357 2753 1418 2818 eli-

202 2857 294 2923 sione
314 2857 465 2923 abscindi
486 2881 524 2923 ac
545 2859 745 2923 vocabulum
764 2857 910 2922 invisible
931 2859 1103 2939 integrum
1123 2859 1294 2924 numerari
1314 2881 1417 2940 posse,

201 2987 267 3044 quo
280 2965 399 3030 tertius
414 2987 471 3045 pes
486 2965 617 3030 iambus
631 2964 680 3042 fit,
696 2971 730 3029 01
745 2965 882 3030 alterius
897 2964 1101 3046 pentametri
1115 2965 1254 3029 verbum
1270 2963 1420 3029 scobeom

201 3074 280 3133 tono
298 3069 438 3133 fortasse
458 3070 495 3133 in
513 3068 694 3150 posteriore
715 3067 845 3150 syllaba
863 3068 1039 3150 distingui,
1060 3068 1149 3150 quod
1165 3090 1266 3149 supra
1289 3068 1336 3150 (p.
1359 3068 1415 3148 30)

203 3174 375 3238 nonnullis
396 3173 558 3254 exemplis
581 3173 764 3238 verisimile
785 3173 962 3256 probatum
985 3179 1043 3239 001.
1068 3173 1159 3239 Huic
1182 3173 1308 3239 accedit
1332 3173 1420 3254 quod

202 3302 316 3344 versus
333 3279 441 3344 tribus
460 3279 623 3344 trochaeis
643 3280 842 3360 incipientes
860 3280 1005 3345 iambico
1022 3284 1137 3344 tenore
1154 3281 1291 3344 omnino
1308 3285 1421 3343 carent

204 3406 265 3449 nec
283 3389 416 3466 poetam
435 3390 587 3449 nostrum
607 3387 732 3448 tamin
752 3409 788 3451 re
806 3386 945 3449 metrica
962 3383 1175 3450 fastidiosum
1195 3385 1282 3449 tanti
1303 3385 1338 3448 in
1358 3406 1421 3447 nu·

204 3511 331 3555 merum
347 3491 473 3572 peccati
490 3491 685 3574 insimulare
699 3491 788 3556 licet.

248 3609 297 3673 Ut
315 3632 439 3686 eorum,
457 3631 542 3690 quae
558 3609 715 3687 (11110100,
734 3631 898 3674 summam
914 3608 1086 3686 faciamus,
1104 3609 1324 3689 comperimus
1342 3607 1422 3672 Mil-

207 3717 339 3779 tonium
364 3714 433 3778 lere
458 3737 586 3796 semper
610 3721 677 3779 tres
703 3714 820 3778 saltem
845 3714 972 3778 iambos
997 3735 1058 3779 suo
1081 3714 1117 3777 10
1142 3736 1240 3778 versu
1265 3713 1424 3778 adhibere

205 3842 312 3903 neque
323 3842 474 3901 unquam
485 3821 562 3902 plus
573 3820 727 3886 minusve
739 3819 878 3901 syllabis
890 3818 1092 3900 computetis
1104 3817 1227 3883 decem.
1241 3815 1335 3882 Illud
1347 3839 1424 3883 vero

235 4004 262 4056 1.
283 4004 319 4056 01.
334 4004 362 4054 0.
374 4004 484 4064 Messon,
497 4017 536 4067 op.
548 4003 600 4067 cit,
616 4004 664 4054 vol.
679 4003 723 4067 lll,
738 4003 828 4067 0218.

237 4093 268 4156 2.Ι
284 4093 328 4151 ld.
343 4107 367 4157 p.
381 4092 436 4143 218.

236 4181 263 4233 3.
285 4180 321 4232 of.
336 4180 404 4230 enim
426 4181 453 4230 Ε.
475 4183 501 4230 Α.
517 4178 617 4241 1111011,
637 4193 676 4244 op.
696 4179 750 4241 cit,
771 4192 813 4243 pp.
831 4179 931 4242 33536,
950 4179 993 4230 obi
1011 4179 1114 4230 verbum
1136 4179 1176 4229 tte
1197 4179 1299 4244 saepius
1314 4183 1425 4230 tenorem

207 4256 306 4318 videtur
328 4255 448 4306 babuisse
470 4260 496 4305 et
510 4256 576 4319 apud
598 4255 681 4318 ipsum
697 4253 840 4305 Miltooium
854 4254 887 4305 01.
907 4268 996 4305 versos
1012 4255 1074 4318 (P.L.
1092 4253 1145 4314 XII,
1167 4255 1223 4318 360,
1245 4269 1273 4305 ao
1294 4253 1427 4320 praecipue

206 4331 261 4384 P.L.
275 4333 297 4396 l,
312 4331 363 4394 40),
376 4330 418 4380 ubi
435 4329 476 4380 110
488 4331 552 4381 Most
564 4327 850 4394 01010010101011101.
