3634 5152
237 543 349 588 rerum
370 519 538 586 studiosus
558 519 662 585 fuisse
674 522 820 600 apparet
830 518 852 582 ¹.
876 518 980 599 Cujus
1004 518 1075 599 ipse
1096 519 1160 584 sibi
1182 520 1333 584 conscius
1346 503 1457 584 ¹Paru-¹

237 628 347 693 disum
362 626 534 692 Amissum
550 625 706 690 insolitae
721 624 887 690 libertatis
904 626 1074 706 exemplar
1088 631 1193 702 vocat,
1212 650 1226 685 α
1244 647 1286 689 an
1303 629 1456 707 example

239 738 298 813 set,
321 734 379 798 the
402 733 474 796 first
497 733 533 796 in
554 731 710 811 English,
732 730 770 795 oi
789 731 923 795 ancient
944 729 1069 811 liberty
1086 729 1263 794 recovered
1286 735 1322 797 to
1343 731 1455 797 heroic

234 863 332 921 poem
343 839 431 902 from
442 837 500 903 the
511 833 736 901 'troublesome
748 834 816 900 and
826 834 965 900 modern
977 834 1129 915 bondage
1142 835 1178 900 of
1188 835 1349 916 riming.»
1365 834 1458 901 Usus·

236 945 326 1011 enim
339 945 410 1026 jam
422 967 443 1008 a
454 943 564 1008 madio
578 966 662 1008 aero
672 944 880 1008 increbuerat
894 945 1120 1024 pentametros
1132 966 1275 1023 quorum
1288 927 1455 1008 clausulae

238 1051 327 1115 inter
352 1074 387 1115 se
410 1053 593 1115 consonant
618 1049 660 1114 ad
685 1049 854 1114 heroicam
879 1041 1053 1114 materiam
1079 1049 1334 1116 accommodare.
1362 1048 1454 1121 (luae

237 1157 358 1237 gallice
379 1181 394 1216 ι
412 1156 576 1220 chansons
597 1154 638 1220 de
659 1160 749 1234 geste
775 1180 790 1217 a
811 1154 972 1219 dicuntur
991 1160 1146 1235 poemata
1164 1140 1321 1219 versibus·
1336 1155 1455 1220 scribe

236 1264 359 1327 bantur
375 1285 417 1328 ex
432 1261 550 1326 ordine
565 1261 735 1342 dispositis
751 1261 809 1341 qui
827 1260 983 1325 similiter-
1000 1283 1114 1324 omnes
1129 1249 1456 1340 cadebantpDivina

237 1368 359 1433 Dentis
377 1367 555 1433 Comoedia
572 1368 611 1432 in
627 1369 732 1432 trium
748 1389 905 1432 versuum
922 1367 1084 1448 strophas,
1103 1373 1139 1432 et
1154 1368 1191 1431 in
1208 1371 1283 1432 octo
1298 1347 1457 1432 versuum

235 1475 387 1556 strophae
405 1474 498 1538 'fassi
516 1495 608 1555 opus,
627 1474 715 1554 quod
733 1498 749 1534 a
768 1471 1016 1538 Gerusalemme
1034 1473 1193 1538 Liberata
1214 1498 1229 1535 s
1249 1473 1454 1551 inscribitur,

235 1581 461 1661 Furiosusque
490 1579 618 1644 Ariosti
649 1578 822 1644 Rolandus
853 1579 1101 1644 dividebantur.
1134 1579 1229 1643 Idem
1261 1579 1302 1644 de
1331 1602 1455 1661 magno
1551 1609 1554 1614 ·

237 1686 391 1767 Spenseri
409 1707 505 1766 opere
523 1689 653 1750 constat
670 1683 758 1765 quod
779 1683 904 1750 dicitur
922 1684 1025 1749 «The
1044 1684 1163 1748 Faerie
1180 1683 1326 1761 Quaene,
1350 1709 1365 1746 a
1384 1685 1454 1750 fere

234 1793 451 1874 praecipuum
470 1792 580 1856 adhuc
599 1790 773 1855 conditum
793 1814 910 1876 poema
928 1790 1016 1872 quod
1037 1791 1164 1873 lingua,
1186 1792 1350 1871 cogitatis,
1372 1815 1453 1873 pon-

235 1899 311 1964 dere
329 1921 406 1964 cum
423 1898 485 1963 illo
501 1897 653 1963 Miltonii
671 1897 759 1979 apud
778 1896 909 1978 Anglos
926 1919 1115 1978 comparare
1133 1897 1221 1962 licet.
1244 1897 1360 1979 Usque
1376 1921 1454 1963 vero

234 2005 276 2069 ad
287 2026 414 2070 annum
424 2010 499 2086 post
506 2003 683 2068 Christum
692 2008 812 2068 natum
823 2002 907 2068 1667
918 2004 1050 2068 heroico
1061 2009 1176 2081 metro,
1189 2005 1256 2068 nisi
1268 2002 1309 2068 ad
1321 2005 1453 2069 fabulas

235 2117 427 2192 saturasque
442 2111 632 2175 scribendas
645 2114 668 2188 ⁹,
681 2112 716 2176 in
729 2110 908 2174 Britannia
920 2132 1017 2174 nemo
1029 2133 1109 2174 usus
1121 2115 1201 2174 erat.
1216 2109 1313 2183 Quod
1326 2111 1363 2175 in
1377 2135 1453 2192 epos

233 2223 330 2298 poeta
345 2223 458 2283 noster
473 2217 621 2295 induxit,
639 2224 673 2282 et
688 2216 730 2282 ad
747 2217 890 2299 grandia
905 2221 1112 2298 augustaque
1128 2217 1177 2281 ita
1193 2218 1454 2283 accommodavit

233 2333 272 2391 ut
287 2327 393 2390 alium
409 2325 450 2389 ad
466 2325 549 2389 talia
563 2324 732 2390 narranda
745 2326 870 2405 posteri
885 2329 977 2388 rates
992 2345 1060 2387 non
1078 2324 1275 2404 acceperint.
1292 2324 1454 2389 Attamen

232 2435 261 2498 si
281 2433 382 2497 multi
403 2431 668 2497 octavodecimo
689 2438 721 2496 et
741 2430 991 2496 undevicesimo
1013 2431 1144 2495 saeculo
1166 2433 1239 2512 ejus
1260 2432 1454 2516 exemplum

235 2539 339 2603 secuti
364 2544 451 2616 sunt,
477 2539 536 2602 ille
558 2539 686 2619 primus
708 2537 792 2618 quid
815 2538 965 2601 valerent
988 2538 1190 2618 pentametri
1215 2538 1319 2603 simili
1345 2544 1452 2602 extre·

232 2668 363 2710 morum
391 2645 570 2710 verborum
598 2645 711 2709 sonitu
740 2649 890 2708 carentes
918 2643 1099 2721 intellexit,
1128 2644 1187 2707 ille
1217 2644 1279 2709 hoc
1307 2650 1454 2708 metrum

233 2751 377 2830 quodam
395 2749 494 2814 modo
513 2751 620 2815 erexit
641 2755 688 2827 ut,
710 2755 809 2814 antea
828 2751 954 2814 solutae
974 2749 1117 2814 orationi
1136 2750 1272 2830 propius
1294 2755 1328 2815 et
1347 2751 1452 2814 sceni-

233 2879 347 2921 carum
361 2856 554 2922 fabularum
571 2857 725 2920 terminis
742 2855 1041 2937 circumscriptum,
1060 2858 1198 2921 summis
1215 2858 1398 2923 honoribus
1416 2859 1452 2922 in

232 2963 353 3026 litteris
368 2961 511 3043 anglicis
526 2962 794 3042 amplificaretur.
873 2973 875 2978 ’

275 3068 401 3133 Eodem
419 3091 497 3133 vero
513 3073 660 3150 tempore
676 3090 752 3133 cum
770 3068 804 3132 id
821 3073 919 3148 poeta
935 3067 1093 3134 audacter
1108 3069 1243 3146 faceret,
1261 3069 1452 3151 aequalium

233 3174 506 3242 consuetudinem
528 3175 562 3238 in
581 3197 619 3238 re
637 3174 785 3251 metrica,
806 3180 845 3239 ut
865 3175 914 3238 ita
934 3173 1052 3253 dicam,
1075 3176 1229 3257 ejuravit.
1252 3176 1341 3242 Eum
1361 3177 1452 3241 enirn

231 3287 265 3345 et
287 3282 465 3362 ingenium
489 3287 521 3346 et
545 3282 671 3362 scripta
693 3281 799 3361 priori
822 3283 937 3359 aetati,
962 3305 1039 3346 eum
1063 3288 1219 3361 regnaret
1243 3281 1452 3361 Elisabetha,

232 3387 426 3448 annectunt.
447 3382 537 3448 Dum
556 3384 665 3464 igitur
681 3385 752 3449 fere
769 3408 892 3464 omnes,
910 3388 981 3468 jam
1000 3409 1078 3452 sene
1096 3388 1264 3466 Miltonio,
1284 3388 1326 3453 ab
1345 3390 1452 3453 elatae

231 3491 337 3569 poesis
362 3489 474 3555 studio
498 3495 532 3555 et
556 3515 576 3556 a
598 3493 814 3572 pentametris
838 3516 980 3573 quorum
1004 3495 1093 3557 inter
1116 3518 1151 3558 se
1174 3516 1242 3556 non
1267 3500 1451 3558 consonant

231 3595 400 3660 clausulae
433 3596 607 3660 scribendo
638 3597 871 3677 discedebant,
904 3599 995 3676 forti,
1029 3604 1069 3663 ut
1100 3598 1291 3664 litteramm
1324 3599 1449 3678 doctus,

232 3702 354 3779 animo,
380 3703 442 3767 ille
465 3702 557 3782 epico
583 3708 735 3783 poemate
758 3727 869 3768 rerum
894 3703 1079 3785 primordia
1104 3704 1342 3785 hominemque
1365 3706 1448 3771 vitio

259 3886 286 3937 1.
307 3886 357 3937 Hoc
367 3885 476 3937 Miltonii
488 3886 586 3937 amicus
595 3886 696 3937 nomine
708 3887 753 3938 lln.
765 3887 866 3937 Marvell
877 3889 1008 3952 profitetur
1017 3903 1074 3938 curn
1083 3887 1109 3939 in
1122 3891 1238 3954 poemata
1250 3891 1316 3956 quod
1327 3890 1448 3946 Paradisc

229 3962 329 4012 Amisso
343 3961 506 4026 praeponitur
518 3962 580 4012 dicit
596 3977 601 4012 :

494 4080 505 4113 u
524 4065 577 4130 Thy
589 4079 670 4127 verse,
684 4064 789 4128 created,
802 4064 853 4115 like
867 4066 911 4130 thy
921 4066 1005 4117 theme
1017 4067 1138 4130 sublime,

525 4141 553 4189 ln
567 4141 679 4202 number,
695 4139 800 4205 weight,
814 4141 863 4190 and
877 4155 1001 4205 measure,
1016 4144 1093 4194 needs
1107 4146 1151 4194 not
1162 4142 1234 4194 rime.
1251 4159 1262 4191 o

259 4255 286 4304 2.
307 4254 376 4319 Opus
390 4255 459 4306 enim
475 4257 541 4321 quod
559 4273 571 4303 r
588 4255 704 4307 Davidais
725 4273 737 4306 s
752 4256 847 4307 dictum
862 4257 976 4324 aequalis
993 4258 1111 4323 Miltonii,
1128 4259 1207 4311 David
1226 4260 1334 4325 Oowley,
1352 4260 1447 4328 irnper-

228 4329 323 4380 iectum
335 4330 440 4396 reliquit
452 4332 574 4382 clausulis
590 4332 656 4383 inter
670 4347 698 4383 se
712 4332 910 4384 consonantibus
925 4338 1037 4387 ornatur.
