3634 5152
754 343 940 432 -41-,

232 505 413 586 tinguitur,
426 505 613 585 tertiusque
626 503 764 568 11110123
778 504 867 568 111101
878 504 941 567 443
954 502 1056 568 habet
1069 501 1239 581 duosquel
1258 501 1311 583 (P.
1326 501 1367 566 R.
1382 499 1453 576 ΙΙΙ,

235 610 296 678 372
324 617 357 678 et
382 611 459 691 440)
487 613 546 692 qui
572 609 929 698 monosyllaboverbo
956 611 1027 674 sine
1054 615 1169 674 tenore
1195 608 1450 674 concluduntur.

234 717 354 788 Nullos
367 741 445 783 vero
458 723 681 798 pentametros
697 717 873 781 Milionius
888 718 925 781 in
940 738 1016 797 epos
1031 715 1154 780 intexit
1169 715 1227 795 qui
1242 715 1370 778 duabus
1385 713 1451 794 syl-

233 824 319 889 labis
335 829 414 888 tono
430 824 619 888 carentibus
637 823 795 888 desinunt
814 845 890 887 cum
906 823 1009 887 solius
1027 845 1048 886 a
1063 821 1160 886 docto
1177 821 1339 901 Schipper
1356 820 1451 884 citati

234 953 347 995 versus
364 929 415 1008 (P.
433 929 474 994 R.
492 929 561 1002 III,
580 929 634 1007 82)
652 929 794 994 ultimae
811 928 957 1010 syllabae
975 929 1062 993 coire
1080 927 1143 1006 (ex.
1164 951 1212 1006 gr.
1232 918 1413 992 Deliv'rers
1424 925 1450 1004 2)

234 1036 372 1118 possint,
391 1036 477 1102 sicut
493 1040 528 1101 et
541 1035 625 1100 alibi
643 1035 707 1114 (ex.
726 1057 775 1116 gr.
792 1035 829 1098 P.
848 1035 888 1098 R.
906 1034 935 1110 I,
954 1035 1035 1111 302;
1053 1034 1091 1098 Ρ.
1109 1033 1147 1098 L.
1166 1033 1266 1109 VIII,
1285 1033 1367 1110 216;
1385 1032 1450 1108 ΙΧ,

233 1140 296 1204 219
311 1145 344 1204 et
359 1139 402 1204 01.
420 1161 531 1220 supra,
545 1163 577 1222 p.
591 1139 660 1220 39).
677 1139 795 1219 Neque
810 1139 913 1203 etiam
927 1138 984 1201 hic
998 1143 1037 1202 ut
1053 1139 1089 1201 in
1104 1137 1317 1216 fabulaquae
1327 1137 1449 1200 Comus

233 1248 432 1311 inscribitur
453 1252 551 1328 poeta
572 1247 767 1312 undecimae
791 1270 876 1328 quae
897 1252 1048 1320 tenorem
1070 1268 1137 1310 non
1161 1246 1283 1311 habeat
1305 1244 1451 1326 syllabae

234 1376 384 1435 parvum,
405 1359 445 1418 ut
466 1356 515 1418 ita
534 1354 651 1430 dicam,
674 1357 793 1418 tonum
814 1353 849 1416 in
870 1375 937 1433 quo
956 1377 1022 1418 vox
1042 1354 1177 1417 haereat
1198 1352 1292 1416 addit
1313 1350 1377 1432 (ex.
1401 1374 1449 1432 gr.

235 1459 365 1535 Comus,
378 1483 408 1523 v.
422 1459 484 1522 491
501 1484 507 1522 :
523 1483 537 1518 s
555 1458 728 1524 0011101101
742 1465 798 1522 too
809 1480 907 1535 near3
921 1481 987 1539 you
999 1457 1061 1522 iall
1074 1480 1116 1522 on
1130 1459 1204 1522 iron
1219 1457 1328 1522 stakes
1341 1458 1417 1533 e'lse,
1436 1482 1451 1517 1

233 1567 287 1630 vel
304 1588 335 1628 v.
356 1563 441 1642 633).
462 1564 640 1628 Millonius
659 1587 745 1644 ergo,
765 1565 801 1627 in
821 1565 922 1645 epicis
940 1564 1102 1644 poematis
1120 1563 1311 1640 condendis,
1331 1569 1364 1627 et
1383 1568 1451 1626 tra-

234 1671 320 1735 ditas
340 1671 543 1751 tragicorum
565 1671 601 1734 in
622 1694 658 1734 re
679 1671 818 1734 metrica
837 1669 993 1734 licentias
1012 1675 1046 1734 et
1067 1692 1161 1738 suem
1181 1671 1286 1750 ipsius
1306 1670 1451 1749 priorem

232 1776 509 1842 consuetudinem
535 1777 681 1859 ejuravit
707 1784 745 1842 nt
770 1776 943 1840 heroicum
968 1782 1125 1850 metrum,
1141 1775 1345 1840 adamussim
1373 1776 1452 1840 scri-

231 1883 334 1961 beret,
350 1882 474 1948 nedum
490 1906 578 1947 nova
591 1890 624 1948 et
640 1881 795 1946 inaudita
809 1881 956 1948 auderet.

276 1989 401 2053 Errant
423 1989 529 2068 igitur
548 1995 620 2054 tota
639 1991 696 2053 via
714 1990 772 2069 qui
793 1991 900 2070 epicos
921 1995 1038 2070 poetae
1057 1991 1163 2054 nostri
1183 2013 1296 2053 versus
1318 1993 1450 2053 conten-

233 2095 319 2158 dunt
333 2095 504 2160 interdum
520 2118 668 2159 enormes
684 2119 752 2160 esse
767 2102 800 2160 et
814 2120 834 2159 a
847 2096 994 2160 metricis
1010 2095 1141 2174 legibus
1157 2095 1323 2161 discedere
1341 2119 1347 2159 :
1363 2095 1451 2176 quod

232 2223 299 2266 non
316 2200 565 2278 contenderent,
584 2202 612 2266 si
628 2201 756 2266 vocales
774 2201 943 2266 elidendae
962 2202 1133 2267 eliderent.
1152 2201 1330 2266 Miltonius
1350 2202 1450 2279 enim,

232 2306 369 2371 Italicos
386 2310 498 2386 poetas
516 2307 677 2382 imitatus,
698 2307 791 2387 epico
808 2307 844 2370 111
863 2305 1072 2388 decasyllabo
1089 2307 1280 2388 saepissime
1298 2307 1451 2372 elisiones

230 2412 380 2476 usitavit.
406 2411 536 2485 Quibus
561 2413 643 2491 quia
665 2412 811 2476 feliciter
837 2412 986 2477 abundat
1011 2415 1099 2477 inter
1124 2436 1238 2478 omnes
1262 2413 1453 2492 Anglorum

232 2523 324 2582 vates
345 2518 472 2582 eminet
492 2525 703 2599 metrumque
724 2541 821 2583 suum
842 2519 950 2599 priore
972 2519 1156 2584 flexibilius
1176 2519 1297 2584 reddit.
1322 2520 1450 2600 Saepis-

233 2623 316 2688 sime
331 2646 409 2688 vero
425 2624 625 2689 vocabulum
641 2624 691 2688 the
708 2630 787 2690 ante
803 2626 951 2689 vocalem
967 2626 1074 2703 elidit,
1093 2624 1147 2689 vel
1165 2626 1286 2705 potius,
1305 2631 1343 2689 ut
1362 2625 1450 2706 apud

231 2729 379 2806 Italicos,
395 2753 470 2793 cum
486 2730 547 2794 illa
560 2731 743 2794 coalescere
758 2732 839 2794 sinit
853 2731 903 2794 ita
915 2737 954 2794 ut
970 2731 1084 2794 ambas
1098 2731 1228 2796 vocales
1245 2730 1372 2809 audias,
1389 2733 1452 2795 etsi

231 2858 335 2899 unam
359 2843 494 2902 tantum
520 2837 675 2901 eificiunt
699 2837 736 2901 in
760 2843 867 2901 metro
892 2836 1066 2918 syllabam.
1094 2838 1130 2902 Si
1154 2860 1232 2902 vero
1258 2837 1374 2903 doctus
1399 2839 1452 2902 vir

233 2940 367 3005 Messon
395 2942 458 3006 hoc
485 2964 728 3023 nonnunquam
756 2947 858 3023 negat
873 2945 900 3020 ³,
930 2944 1010 3008 satis
1039 2949 1089 3009 est
1117 2944 1256 3024 scriptos
1284 2943 1451 3008 vocalium

232 3048 339 3111 coitus
362 3048 504 3128 septimo
525 3048 652 3114 decimo
674 3055 750 3130 post
771 3049 945 3114 Christum
966 3055 1086 3114 natum
1107 3051 1238 3115 saeculo
1259 3073 1450 3128 memorare,

232 3175 331 3218 usum
351 3158 524 3234 poetarum
543 3154 611 3235 qui,
636 3155 722 3221 sicut
742 3155 763 3218 J
765 3176 887 3219 oannes
909 3154 1056 3237 Darden,
1079 3156 1193 3220 eodem
1214 3181 1252 3220 ac
1272 3156 1451 3221 Miltonius

231 3262 379 3339 tempore
394 3260 553 3324 vixerunt
571 3282 834 3341 consensumque
850 3260 921 3325 iere
938 3262 1088 3326 omnium
1107 3262 1374 3328 existimatorum
1394 3263 1451 3342 qui

232 3365 272 3428 de
288 3367 341 3430 his
357 3365 459 3445 epicis
475 3367 635 3446 poem-atis
651 3366 817 3447 judicium
832 3366 985 3431 tulerunt
996 3371 1017 3432 ⁴.
1033 3367 1082 3430 At
1096 3373 1198 3444 vates,
1215 3390 1305 3433 more
1324 3369 1448 3445 italico,

232 3472 380 3536 vocalem
399 3471 469 3535 iere
488 3494 663 3551 nunquam
683 3471 806 3537 elidere
827 3473 937 3549 audet,
958 3473 1024 3537 nisi
1045 3474 1162 3538 ambae
1181 3478 1297 3538 tenore
1316 3479 1451 3538 careant

233 3578 389 3658 syllabae,
412 3577 609 3658 hiatumque
631 3577 708 3642 rudi
729 3579 862 3642 elisioni
883 3582 1082 3659 anteponere
1103 3579 1246 3643 videtur.
1271 3579 1338 3652 Qui
1360 3581 1451 3645 enim

261 3748 287 3798 1.
308 3727 425 3798 Attamen
442 3747 593 3814 quibusdam
610 3746 637 3798 in
649 3747 711 3797 locis
730 3749 775 3810 (ex.
788 3762 827 3812 gr.
846 3747 903 3799 P.L.
918 3749 946 3809 X,
960 3749 1005 3800 871
1019 3752 1044 3800 01
1057 3749 1118 3801 aa.
1138 3751 1182 3814 ill,
1193 3751 1259 3814 3721,
1277 3709 1370 3803 iocalis
1389 3753 1450 3804 elidi

229 3826 315 3888 potest
330 3824 406 3874 verbo
419 3825 485 3890 quod
500 3825 647 3888 sequentem
665 3827 850 3888 pentametrum
863 3823 959 3889 incipit

261 3911 288 3962 2.
309 3912 347 3963 01.
359 3912 413 3963 1111.
426 3913 468 3976 Vl,
481 3912 541 3974 4513
560 3912 614 3972 lili,
632 3911 687 3975 149,
702 3912 756 3962 479.

261 4001 288 4051 3.
310 4000 385 4052 011).
398 4001 508 4063 Messon,
525 4002 575 4052 The
589 4000 697 4052 Poetical
717 4001 805 4051 Works
817 4001 842 4052 01
853 4002 875 4052 J.
887 4002 984 4065 Milton,
999 4002 1069 4064 1893,
1086 4005 1132 4054 vol.
1148 4005 1192 4068 ΙΙΙ,
1207 4019 1246 4070 pp.
1259 4005 1356 4056 214-15.

262 4089 288 4138 4.
310 4089 348 4139 01.
361 4090 417 4140 Wm
429 4090 532 4153 Govvper
547 4089 630 4150 (letter
641 4093 665 4140 10
679 4089 778 4149 Unwin,
792 4089 992 4152 0013101110)
1008 4106 1014 4140 :
1029 4109 1041 4141 (1
1056 4093 1106 4142 The
1115 4094 1223 4157 practice
1235 4094 1260 4144 01
1269 4094 1370 4160 cutting
1379 4098 1451 4148 short

231 4179 246 4213 a
262 4163 302 4214 lile
314 4165 337 4214 is
351 4166 494 4215 warranted
504 4165 535 4229 by
547 4165 642 4226 Milton,
658 4165 722 4226 who,
739 4165 764 4215 01
778 4165 812 4216 ali
828 4166 935 4230 English
950 4171 1021 4230 poets
1036 4170 1091 4218 that
1104 4183 1162 4220 ever
1175 4169 1249 4230 lived,
1269 4171 1316 4222 had
1328 4172 1451 4238 certainly

232 4241 274 4290 the
298 4239 473 4291 lineatam.»
496 4240 567 4298 Quod
583 4241 614 4290 ad
627 4239 740 4304 priorum
761 4244 892 4305 poetarum
913 4242 1032 4294 elisiones
1053 4245 1144 4295 attinet
1162 4245 1192 4296 01.
1214 4245 1314 4310 Abbott,
1337 4259 1377 4312 op.
1395 4248 1449 4312 cit,

231 4329 273 4381 pp.
287 4315 389 4378 311-15,
404 4317 430 4366 01
440 4316 464 4367 J.
480 4315 609 4381 Schipper,
627 4328 663 4380 op.
675 4315 727 4379 cit,
744 4316 775 4380 ΙΙ,
789 4331 814 4382 p.
829 4316 884 4369 101.
