3644 5158
668 901 825 982 CAPUT
860 901 1057 982 SEXTUM

349 1245 393 1296 DE
418 1243 559 1296 PEDIBUS
585 1244 780 1296 DISYL'LABIS
807 1244 939 1308 LIBERE,
967 1244 1182 1298 TRISYLLABIS
1207 1246 1379 1312 NUSQUAM‚

515 1370 548 1420 IN
575 1369 670 1420 EPICO
697 1369 802 1421 VERSU
829 1369 851 1420 A
877 1370 1035 1421 ltlIL'l'ONIO
1061 1370 1212 1423 USITATIS

302 1668 433 1733 Nostris
457 1669 671 1749 temporibus,
696 1668 786 1749 apud
809 1667 949 1749 Angla,
974 1692 994 1733 a
1017 1669 1122 1750 poetis
1147 1670 1214 1734 duo
1237 1692 1305 1734 non
1331 1669 1475 1751 amplius

258 1775 380 1854 pedum
391 1797 514 1856 genera
523 1775 693 1840 usitantur
707 1800 714 1839 :
728 1774 973 1856 trisyllabicum
985 1775 1067 1839 duas
1080 1775 1225 1856 syllabas
1237 1780 1317 1840 tono
1328 1782 1476 1840 carentes

260 1877 406 1960 syllabae
429 1885 509 1943 tono
533 1879 712 1943 distinctae
735 1879 860 1960 jungit,
887 1878 1121 1960 disyllabicum
1146 1901 1259 1944 unam.
1286 1879 1476 1961 Utrumque

261 2007 366 2066 genus
387 2007 430 2050 an
453 1985 597 2050 alterum
618 1984 715 2048 modo
737 1985 774 2048 in
797 2007 896 2049 versu
918 1985 1049 2048 heroico
1073 1985 1268 2065 reperiatur,
1291 1987 1361 2066 jam
1385 2008 1475 2049 nunc

258 2091 472 2171 requiremus.
490 2090 580 2163 Quos
596 2092 686 2155 enim
700 2090 797 2171 pedes
813 2091 849 2153 in
865 2113 941 2170 epos
958 2091 1200 2155 Britannorum
1215 2090 1373 2156 inducere
1387 2092 1475 2169 licet,

261 2219 297 2260 ac
317 2197 513 2277 praesertim
534 2220 624 2277 quos,
648 2197 750 2276 ipsius
773 2196 925 2260 Miltonii
946 2220 1010 2260 usu
1031 2198 1236 2277 approbatos,
1260 2198 1296 2260 in
1318 2196 1477 2261 Paradiso

260 2301 393 2366 Amisso
410 2302 635 2382 Paradisoquc
653 2301 863 2381 Recuperato
880 2301 1203 2366 animadvertimus?
1225 2302 1261 2366 Si
1280 2302 1439 2366 traditam
1459 2323 1479 2364 a

258 2409 425 2487 prioribus
441 2407 568 2471 heroici
583 2409 683 2470 metri
699 2409 864 2470 rationem
881 2408 1038 2487 exquiras
1054 2406 1168 2470 decem
1186 2430 1315 2487 semper
1333 2407 1478 2488 syllabas

260 2534 331 2590 nec,
351 2512 533 2577 dummodo
551 2513 700 2593 quinque
720 2519 893 2578 serventur
912 2514 994 2590 toni,
1016 2514 1099 2578 alios
1117 2537 1156 2578 aa
1177 2513 1359 2594 disyllabos
1378 2514 1478 2595 pedes

260 2619 383 2699 reperis
395 2619 417 2683 1.
445 2619 572 2683 Rerum
598 2620 689 2684 enim
715 2624 837 2682 natura
862 2618 901 2682 fit
927 2625 976 2695 ut,
1004 2642 1082 2683 cum
1108 2618 1337 2700 decasyllabus
1364 2642 1477 2683 versus

262 2729 377 2788 tonum
398 2725 436 2788 in
457 2724 586 2788 decima
606 2747 705 2805 quam
727 2729 896 2804 computes
918 2723 1048 2804 syllaba
1068 2724 1190 2787 habeat
1209 2724 1382 2804 aliumque
1401 2746 1479 2787 cum

262 2851 395 2894 caesura
410 2830 446 2894 in
462 2833 581 2910 quarta
596 2852 633 2893 ac
649 2829 842 2910 frequenter
857 2831 893 2893 in
909 2835 1003 2893 sexta
1019 2827 1156 2909 syllaba,
1175 2828 1349 2892 difficilius
1365 2829 1478 2909 trisyl-

262 2932 331 2999 labi
351 2933 450 3014 pedes
471 2934 552 2998 oriri
573 2939 708 3014 possent
730 2934 925 3015 saepiusque
947 2934 982 2996 in
1005 2934 1154 3014 quinque
1176 2933 1356 3013 disyllabos
1379 2933 1478 3013 pedes

261 3046 405 3104 metrum
423 3040 637 3105 divideretur.
656 3039 709 3102 Ex
726 3062 792 3120 quo
809 3039 921 3104 evenit
936 3045 975 3103 ut
991 3039 1212 3103 recentissimi
1232 3039 1271 3105 de
1288 3061 1325 3103 re
1342 3040 1479 3104 metrica

262 3147 437 3226 scriptores
469 3168 546 3210 cum
577 3150 735 3210 notarent
767 3145 939 3210 heroicum
970 3137 1219 3233 decasyllabum
1250 3145 1321 3209 fere
1353 3168 1479 3225 semper

261 3253 411 3334 quinque
426 3253 518 3316 tonis
533 3251 699 3331 distingui
715 3274 792 3315 eum
810 3274 827 3314 e
843 3250 985 3316 totidem
1002 3250 1124 3315 iambis
1143 3258 1294 3315 constare
1311 3250 1479 3314 dixerunt.

304 3359 403 3423 Hanc
414 3365 529 3422 tamen
541 3380 655 3421 versus
668 3358 777 3433 legem
791 3357 933 3428 septimo
946 3355 1077 3421 decimo
1088 3363 1163 3437 post
1176 3356 1348 3421 Christum
1362 3361 1480 3419 natum

261 3465 393 3529 saeculo
404 3463 554 3528 nondum
566 3465 765 3527 invenerant
776 3464 967 3527 litterarum
980 3463 1225 3527 existimatores
1239 3461 1360 3543 quibus
1373 3484 1480 3526 unum

260 3575 394 3634 tantum
405 3571 443 3634 in
452 3570 587 3634 heroico
598 3573 705 3633 metro
717 3575 846 3634 certum
857 3569 1045 3645 videbatur,
1057 3568 1171 3632 decem
1183 3567 1402 3650 proferendae
1415 3569 1481 3650 syl-

262 3676 366 3740 labae.
382 3674 520 3740 Tradita
534 3676 642 3756 igitur
653 3674 856 3755 decasyllabi
870 3675 999 3739 ratione
1013 3681 1121 3754 poeta,
1136 3673 1225 3754 quod
1239 3673 1280 3739 ad
1293 3679 1390 3738 tonos
1403 3674 1481 3740 atti-

263 3781 374 3858 nebat,
385 3782 456 3845 1111
469 3782 647 3862 omniloga
659 3782 787 3846 solutus
799 3786 879 3847 erat.
895 3781 989 3855 Quae
1001 3804 1079 3844 cum
1089 3780 1140 3844 ita
1150 3781 1289 3858 fuerint,
1303 3780 1481 3845 Miltonius

263 3888 327 3951 sibi
338 3888 425 3952 hanc
438 3887 605 3953 scribendi
616 3889 807 3952 libertatem
819 3887 980 3952 utendam
992 3889 1121 3952 statuit.
1135 3887 1269 3952 Iambos
1283 3910 1371 3962 sane,
1385 3888 1413 3951 si
1424 3910 1481 3950 vo-

263 3993 374 4071 luerit,
396 3995 432 4058 in
452 3995 547 4075 epico
565 4018 665 4059 versu
685 3995 769 4059 solos
790 3993 931 4059 condere
951 3994 1099 4076 potuerit
1119 4002 1159 4061 ut
1179 3995 1297 4059 multis
1319 3995 1482 4074 exemplis

293 4186 320 4238 1.
340 4188 391 4238 Hoc
409 4188 477 4239 enim
499 4189 624 4254 Georgius
643 4191 784 4257 Gascoigne
803 4189 950 4241 1111111578
969 4191 1097 4239 asseverat
1116 4189 1220 4242 dicendo
1242 4208 1248 4242 :
1269 4209 1281 4242 c
1298 4193 1342 4242 We
1356 4203 1401 4240 use
1417 4202 1481 4238 none

263 4265 334 4388 dih?
353 4264 436 4403 1111ὲῖ1)
447 4264 519 4314 buta
538 4265 605 4315 loote
624 4265 648 4316 ol
664 4271 714 4317 two
734 4265 855 4316 sillables.
875 4280 890 4317 1
911 4266 996 4328 (Notas
1015 4265 1041 4315 oi
1059 4263 1213 4319 instruction
1232 4267 1258 4317 in
1278 4266 1384 4332 English
1399 4277 1480 4328 verse,

299 4355 305 4389 1
327 4378 333 4402 ,
348 4352 372 4402 p.
420 4377 425 4388 .
