3634 5152
755 432 952 541 *urias

316 638 366 748 lte
405 633 883 776 spinosissimam
921 639 1159 752 iiiitonim1
1200 641 1363 752 tersu-

719 903 913 916 --·--—--—-·--

497 1132 846 1226 QUAESTIONUM
882 1134 1137 1215 EXPOSlTlO

255 1583 323 1658 Qui
346 1592 421 1667 post
445 1587 613 1652 saeculum
637 1589 818 1668 septimum
842 1586 1010 1652 decimum
1032 1587 1122 1668 apud
1145 1586 1275 1669 Anglos
1299 1587 1431 1652 heroico

213 1694 265 1757 nsi
281 1699 360 1758 sunt
376 1717 474 1760 versu
491 1699 596 1758 artem
612 1717 706 1758 suam
722 1693 810 1775 apud
828 1693 1024 1759 Milionium
1040 1693 1231 1760 didicerunt
1247 1716 1309 1758 nec
1323 1698 1433 1775 potest
1492 1729 1494 1736 ·

213 1799 329 1878 negari
360 1797 556 1863 Eduardum
587 1799 721 1880 Young,
757 1798 990 1880 Guglielmum
1022 1800 1166 1880 Gowper,
1200 1799 1434 1880 Guglielmum

213 1903 443 1968 Wordsworth
462 1909 494 1969 et
510 1903 692 1970 Aliredum
707 1905 886 1987 Tennyson
902 1908 974 1987 ejus
990 1906 1095 1972 inisse
1111 1907 1300 1987 discipulos.
1319 1905 1432 1978 Quan-

214 2033 313 2090 quam
336 2034 413 2074 rero
438 2033 595 2091 magnam
619 2013 656 2074 in
677 2034 714 2076 re
737 2012 877 2076 metrica
900 2011 1052 2076 Miltonii
1075 2013 1309 2077 auctoritatem
1333 2035 1434 2077 nemo

214 2139 281 2181 non
301 2117 460 2196 agnoscit,
481 2116 522 2181 de
543 2117 816 2197 interpretatione
835 2118 950 2198 legum
970 2118 1101 2200 quibus,
1123 2119 1160 2182 in
1180 2119 1330 2183 versibus
1352 2119 1432 2183 scri-

212 2221 340 2300 bendis,
369 2221 660 2303 obtemperaverit,
688 2223 790 2287 multi
818 2222 928 2288 adhuc
956 2229 1095 2290 certant.
1125 2224 1314 2289 Verborum
1343 2224 1434 2286 enim

214 2328 375 2392 hodierna
397 2329 541 2409 prolatio
564 2353 583 2393 a
605 2330 715 2410 prisca
736 2316 979 2397 Britannorum
1002 2353 1097 2412 saepe
1121 2330 1295 2412 discrepat,
1320 2353 1432 2396 recen-

215 2435 380 2514 tioresque
401 2440 517 2515 poetae
538 2457 614 2500 cum
637 2435 822 2516 trisyllabis
844 2436 983 2516 pedibus
1007 2437 1137 2501 diversa
1158 2437 1378 2518 mirandaque
1399 2442 1432 2501 et

213 2539 330 2605 abusu
341 2546 493 2604 veterum
506 2540 722 2605 abhorrentia
733 2543 770 2606 in
781 2541 1061 2606 versificationem
1074 2539 1353 2619 introduxerunt3
1368 2563 1435 2623 qua

214 2644 254 2710 de
284 2668 383 2710 causa
412 2635 567 2712 nonnulli
598 2647 661 2712 hoe
692 2654 850 2728 tempore,
881 2671 958 2712 cum
988 2671 1093 2713 novae
1121 2671 1279 2714 versuum
1307 2649 1431 2714 rationi

213 2751 357 2830 faveant,
382 2751 520 2817 eandem
542 2753 630 2832 apud
652 2754 777 2834 priscos
797 2759 912 2834 poetes
933 2755 1085 2818 invenire
1106 2760 1277 2819 conantur.
1301 2753 1432 2827 Quibus

215 2859 243 2921 si
263 2857 409 2922 crederes
430 2858 619 2922 litte-rarum
639 2859 756 2937 peritis
776 2858 901 2924 diceres
922 2858 1119 2924 Milionium
1138 2865 1177 2924 ut
1198 2860 1337 2926 auribus
1357 2882 1432 2924 nos-

214 2965 277 3026 tris
300 2962 712 3044 blandiretur'scripsisse,
738 2963 863 3028 nedum
887 2964 1028 3028 traditas
1052 2965 1177 3028 heroici
1202 2987 1315 3030 versus
1340 2965 1431 3045 leges

215 3073 377 3144 servaret3
399 3067 619 3151 aequalesque
639 3068 747 3132 nostri
769 3068 833 3133 sibi
855 3069 910 3149 jus
933 3074 1091 3149 arrogant
1112 3075 1257 3134 metrum
1279 3068 1433 3134 Paradisi

214 3175 341 3237 Amissi
362 3174 471 3253 legere
494 3173 675 3238 secundnm
698 3174 895 3238 hodiernam
918 3175 1148 3255 diversamque
1170 3175 1347 3240 verborum
1369 3175 1433 3240 bri-

214 3280 425 3344 tannicorum
444 3279 675 3359 prolationem,
695 3279 850 3360 neglecta
867 3281 1040 3360 praeteriti
1060 3281 1133 3346 aevi
1153 3280 1348 3361 prolatione.

256 3384 350 3458 Quae
371 3383 469 3448 modo
491 3385 686 3449 summatim
708 3385 923 3466 exposuimus
945 3392 1093 3450 recentes
1116 3385 1227 3450 critici
1250 3386 1434 3462 affirmant,

213 3491 309 3572 cujus
326 3492 415 3554 inter
432 3490 609 3572 magistros
627 3488 816 3555 indicamus
834 3490 993 3554 Carolum
1009 3490 1182 3555 Witoomb
1199 3489 1289 3571 apud
1307 3489 1433 3566 Gallos,

215 3596 303 3677 apud
328 3595 458 3676 Anglos
482 3597 659 3676 praecipue
684 3595 794 3660 David
821 3595 963 3673 Messon,
990 3596 1125 3662 doctum
1151 3596 1303 3660 Miltcnii
1328 3598 1430 3661 inter-

213 3705 350 3781 pretem.
375 3701 444 3765 Hic
467 3702 557 3765 onim
578 3725 694 3766 versus
715 3724 827 3766 omnes
850 3702 904 3766 vel
927 3701 1090 3766 Chauceri
1112 3707 1261 3781 tempore
1282 3700 1431 3767 conditos

214 3808 442 3872 recentissimo
463 3831 553 3872 more
574 3807 761 3872 recitandos
782 3811 876 3871 esse²
895 3806 1068 3871 contendit
1089 3813 1123 3871 et
1144 3807 1257 3885 solam,
1281 3809 1319 3871 in
1340 3830 1432 3872 scan-

241 3966 267 4015 1.
290 3966 331 4016 Sic
343 3965 398 4029 ipse
408 3970 479 4016 rates
495 3978 585 4015 nomen
599 3979 673 4014 suum
686 3963 764 4014 latine
777 3963 866 4014 scribit
875 3963 902 4014 in
912 3964 1077 4029 chirographo
1088 3965 1153 4030 quod
1163 3965 1279 4015 Londinii
1292 3965 1432 4016 insedibus

136 4103 141 4114 Ι
212 4040 286 4090 dictis
301 4041 397 4091 British
412 4041 526 4090 Museum
542 4043 665 4092 servatur.
1244 4047 1246 4051 '

242 4129 269 4178 2.
290 4129 352 4180 Vide
367 4131 417 4180 The
431 4129 540 4180 Poeticai
553 4129 644 4178 Works
656 4128 681 4177 oi
694 4129 719 4178 J.
730 4127 827 4190 Milton,
843 4127 927 4178 edited
939 4127 971 4190 by
985 4128 1013 4178 l).
1030 4129 1140 4191 Messon,
1156 4129 1266 4191 London,
1278 4129 1431 4191 Mscmillan,

212 4203 338 4266 1893,vol.
349 4205 389 4262 111,
400 4218 424 4267 p.
436 4204 482 4254 215
495 4220 501 4254 :
517 4221 529 4252 u
543 4203 580 4253 On
598 4205 638 4253 the
649 4202 731 4253 whole
747 4203 768 4253 it
780 4203 802 4252 is
818 4203 873 4253 best
885 4205 910 4252 to
925 4216 1027 4252 assume
1040 4204 1094 4253 that
1108 4203 1207 4268 strictly
1221 4203 1333 4254 metricat
1346 4203 1432 4254 eflects

212 4293 255 4330 are
268 4283 352 4344 pretty
365 4283 524 4343 permanent,
539 4280 594 4329 that
604 4279 673 4328 what
683 4291 737 4328 was
749 4279 884 4342 agreeable
893 4283 918 4328 to
926 4278 967 4332 the
974 4278 1082 4342 English
1092 4278 1205 4328 metricat
1214 4293 1289 4329 sense
1301 4277 1328 4328 in
1338 4278 1433 4329 tormer

210 4355 374 4420 generations
389 4355 412 4404 is
428 4354 562 4419 agreeeble
578 4366 642 4414 now,
658 4356 733 4405 otc.»
1346 4351 1349 4357 '
