3634 5152
745 381 923 447 ..71-

200 563 340 620 paucae
360 543 684 608 animadvertuntur
701 542 813 607 medio
830 545 869 607 in
884 543 969 625 pede
986 545 1275 626 interspirationes
1292 547 1446 628 aliaeque

203 656 284 728 post
311 650 507 716 secundum
531 652 586 714 vel
610 653 752 714 tertium
776 649 897 731 pedem
921 653 1121 731 proesertim
1144 651 1273 732 positae
1298 653 1442 734 legentis

201 757 373 822 animum
392 760 505 840 quiete
522 782 561 822 ac
577 761 756 840 majestate
773 757 919 839 quadam
938 758 1105 822 afficiunt.

247 864 348 930 Aliis
367 868 405 930 in
419 868 501 930 locis
517 873 634 930 contra
649 889 807 930 caesurae
821 888 932 946 neque
947 865 1036 928 inter
1050 889 1085 928 se
1100 867 1227 930 similes
1243 889 1351 946 neque
1366 865 1444 930 ada·

201 973 361 1037 mussim
387 975 534 1037 caesuris
558 972 753 1048 succedunt,
777 995 869 1036 nunc
893 979 969 1052 post
992 971 1112 1052 pedem
1137 972 1327 1053 quemdam,
1351 998 1443 1040 nunc

199 1077 324 1144 medic
345 1081 384 1144 in
401 1080 485 1162 pede
503 1082 696 1145 collocatae.
715 1081 800 1144 Cum
818 1102 897 1143 vero
916 1081 1008 1143 intra
1025 1085 1180 1160 quartam
1199 1082 1444 1161 septimamque

201 1187 385 1266 syllabam
402 1194 540 1252 tantum
556 1171 745 1263 mutantur,
763 1195 802 1251 ut
821 1187 860 1251 fit
878 1185 1072 1266 saepissime
1091 1188 1195 1266 epicis
1214 1189 1250 1250 in
1269 1190 1443 1270 poematis,

201 1291 508 1375 decasyllaborum
527 1296 687 1358 varietati
706 1294 815 1358 solum
834 1293 962 1368 favent,
981 1299 1020 1356 ut
1039 1292 1190 1356 versibus
1210 1292 1325 1356 eodem
1345 1292 1443 1357 modo

201 1401 332 1466 incisis
350 1425 447 1466 aures
461 1401 590 1466 offendi
603 1409 774 1483 nequeant
787 1403 920 1483 locique
934 1403 1148 1467 vehementes
1163 1426 1201 1467 eo
1215 1403 1338 1466 fortius
1355 1403 1443 1466 inter

204 1509 415 1588 aequabiles
439 1511 622 1573 emineant.
648 1510 709 1573 Illi
732 1532 867 1592 quoqne
891 1510 958 1573 loci
982 1509 1313 1590 interspirationibus
1336 1508 1439 1572 facile

202 1613 487 1697 distinguuntur.
508 1617 673 1680 Caesurae
692 1617 783 1682 enim
802 1615 913 1680 medio
930 1615 971 1680 dc
989 1621 1199 1697 pentametro
1217 1614 1385 1680 decedunt
1403 1621 1442 1680 ut

201 1723 262 1786 vel
274 1725 382 1788 initio
391 1725 447 1788 vel
457 1731 608 1789 extremo
619 1725 656 1787 in
666 1746 766 1788 versu
777 1725 976 1803 saepiusque
988 1721 1098 1786 medio
1110 1724 1147 1786 in
1157 1720 1241 1802 pede
1253 1727 1440 1786 occurrant.

202 1828 337 1896 Plures
352 1837 427 1894 tum
443 1830 671 1912 decasyllabos
685 1830 780 1895 vides
795 1853 939 1911 quorum
954 1831 1056 1893 verba
1072 1827 1236 1909 quaedam
1252 1828 1295 1892 ad
1311 1828 1440 1907 signifi·

207 1939 387 2002 cationem
412 1939 513 2002 utilia
537 1944 733 2018 sequentem
758 1936 1009 2018 (lecasyllabum
1033 1935 1211 2012 invadunt,
1237 1937 1437 2016 saepiusque

205 2047 387 2109 sententia
400 2046 569 2122 brevibus,
586 2046 785 2124 interruptis
800 2052 833 2109 et
848 2043 993 2124 quodam
1009 2042 1107 2108 modo
1121 2042 1254 2107 anhelis
1267 2042 1440 2106 vocabulis

206 2152 440 2229 concluditur,
455 2154 510 2216 vel
523 2152 754 2234 monosyllabo
769 2151 859 2233 quod
873 2152 948 2231 ipsa
962 2151 1181 2215 collocatione
1196 2151 1332 2214 eminet.
1351 2149 1439 2223 Quo-

206 2280 292 2322 rum
313 2260 469 2340 exempla
489 2259 655 2323 nonnulla
675 2260 873 2340 praesertim
894 2260 931 2323 in
953 2258 1128 2338 colloquiis
1149 2264 1321 2335 notantur,
1342 2263 1382 2321 ut
1403 2258 1440 2321 in

207 2365 341 2430 Adami
353 2365 396 2430 ad
406 2366 514 2430 Evam
527 2366 784 2446 compellatione
800 2391 807 2429 :
822 2393 837 2426 ι
854 2366 923 2430 Out
934 2365 971 2429 of
982 2389 1040 2446 my
1052 2363 1250 2447 sight‚(thou
1262 2369 1397 2444 serpent
1407 2362 1439 2448 ll(

208 2473 306 2539 That
326 2496 424 2537 name
446 2474 520 2537 best
541 2473 647 2536 Befits
668 2472 863 2554 thee‚((with
885 2471 958 2535 him
980 2470 1273 2554 leagued,(thyself
1295 2493 1330 2536 as
1353 2469 1438 2534 false

210 2580 283 2645 and
305 2580 439 2644 hateful
463 2606 479 2641 ι
508 2581 563 2660 (P.
587 2580 625 2643 L.
650 2579 694 2657 X,
717 2579 849 2655 867-69,
873 2578 966 2657 etc),
989 2578 1043 2642 vel
1067 2578 1187 2642 Mortis
1210 2576 1253 2641 ad
1277 2577 1438 2640 Satanam

213 2686 273 2766 (P.
292 2687 331 2750 L.
350 2687 401 2763 II,
420 2685 591 2765 689-703)‚
609 2687 665 2750 vel
682 2685 835 2749 Abdielis
854 2684 898 2749 ad
916 2684 1061 2748 eundem
1083 2685 1137 2764 (P.
1157 2684 1196 2748 L.
1216 2683 1278 2760 VI,
1300 2683 1436 2760 131-48;

211 2793 352 2873 172-88)
368 2794 422 2857 vel
437 2791 671 2873 Redemptoris
685 2792 728 2856 ad
742 2791 924 2854 Diabolum
943 2791 996 2871 (P.
1013 2791 1054 2854 R.
1070 2791 1142 2867 III,
1157 2791 1294 2870 122-44)
1311 2792 1366 2854 vel
1380 2813 1436 2853 ex·

208 2906 322 2964 tremo
334 2901 371 2963 in
384 2900 561 2980 soliloquio
575 2899 719 2963 Satanae
735 2899 788 2979 (P.
803 2898 840 2962 L.
855 2898 917 2974 IV,
932 2897 1081 2977 103-13).
1094 2899 1163 2962 Hic
1176 2897 1268 2960 enim
1281 2918 1436 2960 caesurae

211 3013 248 3071 et
263 3008 392 3070 multae
408 3012 441 3070 et
456 3006 589 3070 validae
605 3029 673 3070 non
689 3007 846 3069 varietati
864 3005 972 3069 solum
988 3005 1106 3068 favent
1122 3004 1180 3068 sed
1196 3027 1273 3069 cum
1290 3003 1435 3068 turbatis

211 3115 406 3177 animorum
420 3113 568 3178 motibus
584 3120 776 3193 congruunt
792 3135 874 3193 quos
891 3112 991 3178 finxit
1008 3117 1115 3192 poeta.
