3634 5152
632 817 789 898 CAPUT
823 815 1018 898 PRIMUM

326 1133 369 1184 DE
395 1133 624 1185 PENTAMETRlS
650 1133 739 1184 APUD
767 1133 893 1187 elaios
920 1132 1031 1186 nesle
1058 1133 1145 1185 lavo
1172 1133 1214 1186 ΕΤ
1239 1133 1328 1186 APUD

683 1259 798 1312 limos
826 1259 975 1312 Uslrlrls

265 1542 350 1607 Cum
366 1543 406 1608 de
420 1544 551 1624 origine
567 1543 769 1625 decasyllabi
784 1567 900 1609 versus
915 1545 1005 1625 apud
1021 1543 1137 1610 Gallos
1151 1545 1252 1610 multi
1269 1551 1303 1610 01
1319 1545 1441 1610 doctis·

222 1651 299 1714 simi
313 1649 423 1714 adhuc
437 1656 574 1730 certent,
590 1650 755 1731 neglectis
767 1651 869 1716 variis
883 1651 947 1715 hac
961 1650 1050 1716 dere
1064 1651 1273 1732 conjecturis,
1288 1652 1384 1717 nobis
1399 1651 1441 1716 ad

221 1757 406 1835 posteriora
430 1777 568 1838 pergere
595 1755 704 1819 liceat.
734 1756 871 1820 Sufficit
897 1757 988 1820 enirn
1014 1757 1077 1821 1100
1102 1762 1250 1821 metrum
1276 1758 1314 1820 in
1338 1757 1443 1835 vulgo

220 1861 323 1954 ¹dictis
349 1887 363 1922 «
394 1861 556 1927 chansons
580 1861 621 1927 de
645 1869 735 1943 geste
765 1863 996 1928 »adhibitum
1022 1887 1093 1929 esse
1106 1865 1203 1941 ‚circa
1225 1863 1442 1928 undecimum

201 2039 203 2042 ,
223 1955 299 2048 post
312 1967 487 2032 Christum
504 1973 621 2033 natum
636 1969 808 2034 saeculum
825 1970 1022 2050 legibusque
1038 1971 1110 2050 regi
1127 1971 1227 2036 certis
1244 1993 1325 2050 quas
1343 1993 1442 2051 expo-

171 2086 175 2092 ·
223 2095 302 2137 nere
313 2095 497 2153 possumus.
512 2073 609 2137 Inter
623 2097 706 2154 quas
719 2075 799 2140 haec
814 2076 960 2141 maxime
972 2081 1120 2156 praestat
1131 2098 1219 2155 quae
1230 2075 1298 2140 1011
1311 2076 1443 2140 heroico

222 2180 334 2243 versui
360 2201 489 2260 semper
514 2178 628 2242 decem
653 2203 735 2264 quas
761 2178 932 2260 computes
958 2181 1103 2262 syllabas
1128 2183 1235 2247 inesse
1261 2181 1380 2246 debere
1406 2187 1444 2245 ut

225 2284 324 2364 plane
346 2285 476 2348 nomini
498 2309 558 2350 suo
579 2309 764 2367 congruens
788 2287 1016 2368 decasyllabus
1040 2311 1110 2354 esse
1130 2287 1294 2352 videatur.
1321 2287 1444 2351 Poetae

225 2413 312 2468 vero,
334 2387 410 2455 euin
431 2393 576 2471 syllabas
595 2393 666 2457 sola
685 2415 765 2458 aure
784 2416 845 2457 neo
866 2393 1049 2458 secundum
1067 2398 1215 2460 veterem
1232 2399 1292 2460 aut
1312 2392 1445 2458 doctam
1532 2437 1535 2444 »

223 2497 330 2560 ullam
349 2496 517 2562 scribendi
536 2499 700 2562 rationem
719 2506 937 2563 numerarent
956 2499 1052 2563 illam
1070 2499 1248 2578 neglegere
1267 2520 1445 2562 consueve-

226 2607 301 2666 rant
320 2602 484 2682 syllabam
502 2625 586 2682 quae
603 2609 679 2684 post
697 2603 859 2668 decimam
878 2609 1027 2668 tenorem
1044 2627 1113 2668 non
1130 2604 1277 2668 habebat
1294 2602 1347 2668 vel
1366 2609 1445 2668 ente

225 2731 393 2773 caesuram
407 2709 496 2773 unde
510 2732 623 2773 versus
636 2709 954 2790 hypercatalecticus
969 2710 1063 2774 fieret
1077 2715 1135 2774 aut
1150 2732 1285 2774 caesura
1300 2714 1446 2774 exstaret

227 2836 328 2896 quam
345 2815 472 2894 epicam
488 2815 542 2879 vir
559 2814 804 2880 eruditissimus
822 2815 904 2879 Dies
922 2816 1114 2896 appellavit,
1133 2821 1173 2880 ut
1190 2817 1227 2880 in
1244 2815 1314 2881 illis
1334 2840 1340 2879 :

372 2997 387 3026 «
407 2973 515 3032 Oarles
531 2991 568 3030 en
583 2973 623 3030 ad
639 2992 655 3030 0
669 2971 764 3030 dulur
780 2979 810 3031 et
823 2991 954 3043 pesance

407 3061 453 3118 De
466 3081 534 3119 vers
548 3061 579 3119 la
592 3065 668 3119 teste
682 3081 735 3119 sur
749 3060 777 3119 le
791 3080 872 3120 coeur
887 3061 910 3119 li
925 3061 1048 3120 descent
1062 3086 1077 3116 u

866 3158 1025 3231 (Ohanson
1041 3159 1080 3217 de
1095 3158 1242 3231 Roland).

272 3351 371 3416 Hanc
385 3374 462 3415 vero
481 3352 644 3431 syllabam
659 3351 748 3432 apud
765 3350 879 3415 Gallos
896 3353 1000 3416 solam
1015 3373 1086 3415 0000
1102 3352 1275 3431 oportebat
1289 3373 1350 3415 1100
1366 3349 1447 3415 duas
1463 3336 1467 3345 ¹

228 3457 283 3522 vel
300 3457 437 3521 finiente
454 3480 551 3521 versu
568 3457 622 3521 vel
639 3462 715 3537 post
731 3479 899 3521 caesuram
918 3456 1114 3520 tolerabant.

274 3563 338 3628 Sed
368 3586 444 3627 cum
474 3562 679 3644 syllabarum
707 3584 875 3638 numerus,
904 3561 957 3624 his
987 3566 1122 3625 tantum
1151 3562 1307 3641 exceptis,
1337 3562 1448 3642 justus

231 3691 360 3749 semper
383 3670 576 3748 integerque
598 3672 764 3748 appareat,
787 3667 935 3732 multum
956 3668 1095 3731 interest
1115 3672 1155 3731 ut
1176 3666 1361 3738 indicemus
1383 3689 1449 3748 qua

176 3827 178 3835 ,
230 3777 361 3839 10110110
379 3773 469 3856 apud
488 3774 616 3856 priores
636 3773 813 3838 Gallorum
832 3779 946 3852 poetas
967 3772 1115 3853 syllabae
1136 3778 1366 3850 numerentur,
1388 3773 1451 3836 etsi

232 3882 344 3962 potius
362 3881 502 3944 fortasse
522 3879 561 3944 ad
582 3881 688 3960 ipsam
708 3877 847 3958 linguae
866 3900 966 3956 quam
985 3883 1168 3942 metrorum
1187 3884 1292 3942 artem
1312 3882 1447 3958 spectat.

232 3987 386 4050 Breviter
400 3987 507 4065 igitur
521 3986 564 4049 ab
580 4006 678 4064 opere
693 3983 878 4048 doctissimi
893 3983 959 4046 viri
976 3983 1017 4047 A.
1035 3983 1177 4047 Toblerl
1195 3983 1282 4065 quod
1300 3985 1450 4063 sequitur

231 4115 308 4156 eum
322 4091 483 4171 exemplis
497 4112 665 4155 sumemus
682 4113 688 4153 :

260 4257 286 4310 1.
307 4258 357 4307 Hoc
373 4271 436 4321 opus
451 4255 542 4320 gallice
561 4253 653 4306 dieitur
673 4270 679 4304 ε
700 4253 726 4303 l.
746 4253 844 4304 Tobler.
863 4283 893 4292 -
915 4255 948 4304 Le
967 4255 1029 4307 Vers
1049 4253 1157 4314 franceis
1177 4253 1265 4305 ancien
1281 4257 1307 4304 et
1321 4255 1449 4317 moderne,

231 4334 258 4384 F.
274 4331 386 4397 l'ieweg,
400 4330 481 4394 Paris,
496 4329 591 4381 1885.»
