3634 5152
752 356 902 422 ..1.-

263 521 336 599 Sed,
361 521 389 586 si
413 519 605 585 memineris
628 541 730 600 quam·
750 541 859 600 pauca
880 519 950 584 sint
973 519 1062 599 apud
1086 519 1192 584 Italos
1216 518 1302 600 (ipsa
1324 516 1437 584 rerum

219 626 351 705 natura)
376 628 479 691 verba
502 633 583 691 tono
605 626 795 702 terminata,
821 626 965 689 libenter
991 626 1165 689 nobiscum
1190 625 1327 706 colliges
1353 624 1437 689 talia

219 733 380 814 exempla,
405 732 556 812 quamvis
579 755 664 808 rara,
688 733 828 812 probare
850 753 956 796 unum
981 720 1190 811 eundemque
1211 753 1345 795 versum
1368 753 1437 796 esse

217 863 317 919 quem
335 838 427 903 Galli
446 837 703 918 decasyllabum,
724 837 1039 917 hendecasyllabum
1058 837 1142 900 Itali
1160 841 1288 900 vocant.
1377 909 1380 914 ¹

260 959 404 1023 (laesura
417 980 503 1035 vero,
520 980 604 1037 quae
618 957 706 1037 apud
722 956 1006 1036 septemtrionales
1023 954 1136 1024 Gallos
1152 954 1294 1020 eundem
1309 956 1346 1020 in
1360 978 1437 1036 poess

217 1066 318 1130 matis
340 1064 484 1145 singulis
505 1064 616 1128 locum
640 1063 822 1140 obtinebat,
845 1062 935 1142 apud
956 1063 1061 1126 Italos
1083 1061 1219 1126 mobilis
1241 1061 1290 1125 fit.
1313 1061 1438 1150 Versus

219 1171 308 1234 sirim
324 1177 457 1234 caesura
473 1175 549 1249 post
564 1174 720 1250 quartam
734 1168 899 1249 syllabam
914 1167 1090 1232 distinctos
1105 1191 1182 1232 cum
1197 1168 1346 1231 versibus
1362 1173 1438 1248 post

219 1282 347 1340 sextam
366 1275 535 1340 distinctis
553 1273 645 1338 Galli
663 1276 699 1341 in
716 1297 784 1338 uno
802 1273 983 1353 eodemque
999 1279 1152 1354 poemate
1167 1297 1340 1355 nunquam
1358 1275 1437 1338 mis-

218 1385 347 1464 cebant,
363 1386 505 1454 miscent
519 1407 647 1464 semper
660 1383 752 1448 Itali.
768 1383 898 1456 Quibus
914 1384 1032 1450 mixtis
1046 1389 1123 1449 ante
1139 1384 1242 1448 Italos
1259 1383 1362 1461 Galli,
1379 1386 1438 1464 qui

149 1521 151 1528 ⁴
218 1492 424 1572 provinciam
443 1514 462 1555 a
480 1491 640 1556 Romanis
660 1490 785 1554 dictam
804 1489 1056 1554 Narbonensem
1073 1490 1264 1555 incolebant
1282 1491 1438 1571 lyraeque

217 1598 394 1678 praecipue
407 1596 596 1673 studebant,
613 1597 803 1673 utebantur,
820 1596 986 1677 primique
1002 1596 1169 1660 Italorum
1183 1596 1309 1660 heroici
1324 1619 1439 1661 versus

219 1703 256 1766 111
281 1702 484 1766 carminibus
509 1703 731 1766 inveniuntur
744 1704 764 1763 ¹.
791 1701 964 1764 Ilicentiae
986 1723 1063 1765 vero
1089 1699 1274 1764 nonnullae
1297 1723 1376 1766 mox
1400 1703 1438 1779 in

219 1813 326 1873 metro
347 1808 510 1873 admissae
532 1814 619 1874 sunt.
643 1808 710 1872 Pro
730 1831 865 1877 caesura
884 1806 1000 1872 italico
1020 1808 1057 1872 in
1077 1830 1177 1872 versu
1197 1830 1439 1888 nonnunquam

219 1925 354 1982 tenuem
383 1919 666 1984 intermissionem
696 1906 1002 1982 animadvertimus.
1036 1917 1167 1982 Tenum
1198 1940 1329 1999 quoque
1360 1924 1439 1989 ante

219 2048 388 2090 caesuram
400 2025 453 2090 vel
465 2024 748 2088 intermissionem
759 2026 831 2090 loco
841 2029 972 2090 mutare
984 2025 1073 2102 licet,
1086 2047 1196 2105 neque
1208 2029 1337 2105 oportet
1348 2026 1440 2090 hunc

219 2138 336 2196 tonum
351 2132 387 2195 in
401 2131 504 2194 finem
516 2131 612 2195 verbi
628 2131 772 2211 alicujus
787 2130 903 2194 cadere
918 2153 979 2194 nec
993 2135 1103 2211 potest
1118 2130 1248 2210 syllaba
1262 2153 1347 2211 quae
1362 2136 1439 2196 ante

221 2263 390 2306 caesuram
413 2247 563 2306 tenorem
588 2261 656 2303 non
681 2239 785 2303 habet
809 2264 827 2305 e
851 2261 991 2303 numero
1016 2215 1222 2320 syllabarum
1246 2245 1438 2320 computari*

219 2347 336 2412 darum
351 2347 473 2411 omitti.
489 2346 627 2426 Semper
637 2346 731 2410 enim
745 2369 820 2410 curn
836 2345 913 2410 aliis
928 2350 1141 2426 computatur
1153 2351 1194 2411 ut
1208 2347 1245 2409 in
1259 2369 1358 2411 versu
1374 2370 1381 2409 :
1437 2405 1439 2408 .

399 2554 414 2584 α
432 2529 473 2589 ΑΙ
487 2534 597 2588 tornar
612 2528 695 2588 della
709 2529 822 2594 menlte
838 2529 934 2588 chesi
950 2529 1062 2588 chiuss.
1082 2552 1097 2584 u

948 2624 1023 2698 (Id,
1043 2626 1117 2699 Ins,
1136 2625 1192 2698 VI,
1212 2625 1252 2698 1).
1296 2702 1298 2705 .

263 2815 363 2882 Unde
377 2816 417 2880 fit
431 2821 472 2882 ut
487 2815 576 2897 apud
592 2816 698 2881 Italos
713 2816 806 2897 prius
823 2815 1077 2880 hemistichium
1095 2840 1110 2877 s
1127 2821 1244 2882 tronco
1264 2843 1279 2878 1
1297 2815 1438 2895 dicatam,

222 2927 336 2992 eodem
353 2927 450 2992 modo
467 2950 504 2992 ac
520 2929 591 3008 ipse
601 2946 721 2992 ‘versus
733 2930 754 3003 ²,
772 2928 800 2992 si
816 2933 918 2992 tonus
933 2927 970 2992 in
985 2926 1145 2993 ultimam
1162 2927 1326 3009 syllabam
1343 2926 1439 2992 cadat

221 3039 299 3099 ante
315 3055 493 3111 caesuram,
511 3038 672 3114 utputa:

400 3241 415 3272 1
435 3216 461 3275 E
477 3216 551 3288 pien
567 3217 601 3275 di
618 3215 708 3287 seddi
724 3217 795 3289 zelo,
815 3217 888 3287 ogni
904 3215 1043 3275 mortale.
1064 3240 1079 3272 s

936 3313 1022 3386 (Ger.
1040 3313 1104 3373 Lib.
1123 3315 1150 3386 Ι,
1167 3315 1226 3387 63).
1272 3313 1275 3316 ’
1365 3311 1368 3315 ’

263 3494 398 3559 Dicitur
413 3499 526 3558 autem
543 3519 557 3554 1
580 3493 689 3574 piano,
714 3519 729 3554 ι
747 3492 854 3558 sicubi
871 3498 971 3560 tonus
987 3477 1157 3557 caesuram
1172 3492 1370 3573 praecedens
1388 3493 1439 3558 in·

221 3604 304 3671 cidit
323 3605 360 3668 in
378 3603 622 3685 paenultimam
641 3602 814 3684 syllabam,
835 3608 875 3668 ut
893 3607 977 3682 puta

400 3813 414 3844 «
434 3787 521 3848 Ohe'l
536 3806 614 3858 gran
630 3785 879 3859 sepolcrolliberb
896 3787 930 3846 di
947 3785 1061 3845 Gristc.
1082 3811 1097 3844 »

934 3883 1019 3956 (Ger.
1038 3882 1116 3956 Lib,
1135 3891 1159 3957 1,
1177 3884 1218 3957 2).

250 4083 275 4132 1.
297 4081 333 4132 ef.
350 4082 410 4131 haec
425 4095 440 4130 a
454 4082 493 4132 Fr.
511 4079 623 4130 d’Ovidio
640 4079 706 4130 dicta
723 4079 748 4129 ln
764 4092 837 4144 opere
852 4080 918 4144 quod
932 4079 1081 4130 inscribitur
1096 4096 1110 4128 «
1127 4079 1245 4133 Glornals
1262 4081 1359 4132 Storico
1370 4082 1441 4140 della

219 4158 367 4208 letteratura
380 4157 493 4218 italiana,
510 4157 609 4218 Torlno,
622 4155 693 4218 1898,
709 4156 757 4206 101.
773 4155 1009 4218 Xllllll,lasc.1-2,
1023 4171 1046 4221 p.
1058 4157 1089 4207 45
1103 4171 1109 4207 ι
1123 4173 1135 4206 o
1149 4157 1271 4222 piultosto
1283 4156 1355 4208 lirica
1371 4157 1400 4208 lu
1414 4158 1439 4207 la

218 4232 301 4298 prima
313 4232 432 4283 funzione
443 4232 501 4283 dell*
516 4231 702 4282 endecasillabo
717 4235 813 4282 nostro.
824 4268 845 4282 ..
865 4245 877 4280 1

249 4335 276 4386 2.
297 4334 333 4386 el.
349 4349 413 4400 quae
428 4335 500 4385 modo
510 4333 680 4385 disseruimus
694 4334 725 4385 do
740 4347 815 4384 versu
828 4347 903 4398 quem
918 4333 976 4384 ltali
989 4350 1002 4384 1
1017 4335 1104 4386 tronco
1119 4339 1242 4386 11000111,
