3634 5152
735 380 949 448 ..ra--

215 541 353 606 «Blind
373 541 496 623 Harry,
520 565 535 602 1
555 539 644 622 quod
661 563 713 606 res
733 539 920 622 Guglielmi
939 539 1091 606 Wallace
1109 541 1232 606 cecinit
1250 546 1283 606 et
1303 542 1339 605 in
1358 564 1431 607 ver-

213 648 305 714 sibus
322 649 411 730 regis
429 649 451 711 J
453 648 548 712 acobi
566 648 676 712 Primi
693 654 876 730 poetaeque
895 648 1085 728 Guglielmi
1103 648 1253 714 Dunbar.

258 754 332 831 Sed,
350 755 414 818 etsi
429 753 606 835 paululum
622 778 642 819 a
659 754 681 817 J
683 755 786 819 oanni
801 753 953 836 Lydgate
970 755 1122 819 eruditus
1139 760 1239 834 atque
1254 753 1431 834 expolitus,

214 861 366 925 heroicus
382 866 457 942 post
474 860 681 926 Chaucerum
697 883 811 926 versus
827 860 955 940 aliquid
974 873 1102 942 semper
1119 866 1228 925 servat
1243 861 1327 926 rude
1344 861 1433 924 auri-

214 965 342 1047 busque
359 967 503 1046 legentis
520 967 666 1047 gravius,
683 966 800 1031 civilia
815 966 894 1030 dum
912 966 1003 1032 bella
1019 967 1230 1047 gerebantur.
1250 965 1327 1031 Non
1344 966 1434 1034 enim

215 1074 308 1152 prius
329 1074 440 1153 gratia
458 1073 566 1138 valuit
589 1079 623 1138 et
643 1073 796 1138 excultus
817 1080 867 1138 est
887 1096 987 1154 quam
1009 1074 1198 1138 studiorum
1218 1073 1434 1154 antiquorum

213 1181 386 1245 renovatio
401 1185 679 1261 renascentesque
695 1179 785 1260 apud
800 1180 905 1244 Italos
920 1181 1055 1244 litterae
1070 1181 1194 1244 animis
1209 1179 1362 1245 stimulos
1379 1176 1435 1242 ad-

215 1291 399 1350 moverimt.
416 1285 511 1350 Tune
525 1308 603 1350 vero
617 1285 752 1351 mollius
767 1286 967 1351 informatus
983 1310 1004 1351 a
1017 1286 1191 1351 nonnullis
1207 1309 1245 1350 ac
1259 1287 1435 1367 praecipue

215 1415 235 1456 a
257 1392 385 1457 Thema
407 1392 529 1473 Wyatt
551 1392 763 1474 Georgioque
787 1393 954 1458 Sackville
978 1394 1102 1473 gallico
1123 1416 1203 1457 mox
1225 1391 1436 1473 decasyllabo

215 1521 277 1580 par
289 1500 443 1564 omnibus
456 1500 606 1564 numeris
620 1523 640 1564 a
652 1501 759 1580 poetis
772 1499 966 1565 absolvitur.

258 1618 375 1684 Unum
390 1619 482 1684 enim
496 1619 696 1685 tentandum
710 1620 905 1685 remanebat
918 1625 993 1700 post
1008 1619 1216 1685 Chaucerum
1229 1624 1270 1684 ut
1284 1619 1435 1684 heroicus

215 1725 405 1806 Anglorum
424 1749 537 1791 versus
555 1726 686 1792 canoris
704 1728 793 1790 sonis
812 1727 869 1793 sed
886 1729 1034 1791 maxima
1052 1727 1208 1791 libertate
1226 1726 1434 1790 scriberetur.

216 1831 410 1909 Renovatis,
428 1839 468 1897 ut
485 1831 583 1897 modo
601 1832 760 1910 diximus,
779 1832 913 1910 litteris,
932 1833 1043 1898 studio
1062 1834 1281 1913 antiquorum
1299 1852 1438 1930 operum

218 1937 323 2002 animi
340 1938 575 2003 incubuerimt.
595 1938 677 2003 Itali
694 1961 781 2016 vero,
800 1939 902 2020 primi
920 1939 1008 2003 hanc
1024 1941 1114 2004 viam
1134 1939 1285 2019 ingressi,
1305 1940 1436 2018 saepius

218 2067 374 2109 versuum
399 2044 564 2110 clausulas
589 2046 678 2108 inter
704 2069 738 2110 se
763 2050 981 2109 consonantes
1006 2045 1204 2125 rejiciebant
1227 2049 1268 2109 ut
1292 2021 1435 2134 quodam

218 2149 315 2213 modo
335 2150 377 2214 ad
397 2173 530 2230 graecos
550 2151 737 2232 latinosque
757 2173 911 2216 numeros
932 2156 1185 2216 reverterentur.
1208 2149 1283 2222 Quo
1303 2151 1438 2236 incitati

218 2256 371 2336 exemplo
384 2256 542 2320 nonnulli
556 2258 593 2321 in
606 2257 787 2320 Britannia
799 2262 914 2338 poetae
928 2257 1019 2321 idem
1033 2258 1097 2321 sibi
1111 2241 1437 2340 iaciendum'propo-

219 2368 366 2439 suerunt,
383 2363 575 2442 intorques,
588 2366 627 2427 ut
641 2363 862 2441 existimatur,
877 2386 975 2427 nemo
987 2368 1066 2427 ante
1079 2362 1267 2426 Henricum
1280 2361 1436 2438 Howard,

218 2468 374 2531 comitem
387 2467 580 2548 provinciae
596 2467 720 2549 Surrey
735 2466 855 2546 dictae,
869 2469 1011 2532 exstitit.
1029 2469 1097 2532 Hic
1112 2467 1213 2545 enim,
1229 2490 1307 2532 cum
1321 2489 1437 2530 secun-

219 2571 299 2638 dum
319 2579 353 2637 et
373 2579 532 2664 quartum
553 2572 714 2638 Aeneidis
735 2574 837 2639 libros
858 2575 990 2654 anglice
1013 2574 1164 2639 redderet
1186 2576 1222 2638 in
1244 2575 1316 2655 ipso
1336 2573 1439 2638 titulo

221 2675 327 2758 operis
348 2681 400 2744 sui
417 2702 504 2744 nova
519 2680 646 2746 fatetur
664 2683 845 2747 tentavisse
856 2682 878 2747 ¹.

262 2799 330 2862 Hic
349 2822 427 2863 vero
448 2820 563 2864 recens
581 2823 706 2877 versus,
729 2802 826 2881 cujus
848 2823 950 2882 supra
970 2801 1150 2866 secundam
1171 2803 1343 2866 fortunam
1365 2801 1439 2865 bre-

218 2904 306 2968 viter
323 2906 533 2970 narravimus
551 2929 572 2969 a
588 2907 698 2987 priore
718 2905 927 2987 decasyllabo
946 2907 1053 2971 solum
1073 2907 1193 2971 omisso
1213 2911 1439 2969 extremorum

219 3012 396 3076 verborum
421 3012 524 3076 simili
551 3014 662 3078 sonitu
690 3013 906 3093 discrepabat.
935 3013 1059 3078 Decem
1084 3037 1214 3095 quoque
1240 3014 1439 3077 numerabat

219 3116 375 3197 syllabas,
396 3118 423 3181 si
442 3140 496 3181 eas
516 3140 583 3181 non
602 3124 814 3197 computares
832 3140 928 3199 quae,
949 3120 1011 3182 1111
1031 3119 1184 3198 scriptae,
1205 3142 1272 3183 non
1292 3117 1438 3199 profere-

220 3221 352 3286 bantur.
370 3222 564 3287 Necessaria
579 3223 790 3289 incidebatur
805 3247 940 3289 caesura
955 3230 1030 3305 post
1045 3232 1198 3306 quartam
1214 3226 1267 3290 vel
1286 3247 1439 3290 nonnun-

221 3351 320 3408 quam
341 3334 417 3411 post
437 3334 566 3394 sextam
586 3335 797 3394 numeratam
819 3331 983 3412 syllabam
1003 3332 1274 3412 prolatarumque
1296 3330 1439 3411 syllaba·

220 3456 297 3499 rum
312 3441 346 3499 et
363 3441 481 3514 quarta
497 3443 531 3501 et
547 3436 676 3500 decima
693 3459 822 3518 semper
839 3442 988 3502 tenorem
1006 3437 1181 3502 habebant.
1200 3435 1295 3509 Quae
1312 3437 1441 3500 decima

222 3561 297 3630 cum
313 3541 502 3622 saepissime
518 3547 551 3606 et
566 3542 689 3606 ultima
702 3566 816 3608 versus
833 3543 963 3625 syllaba
978 3548 1071 3620 esset,
1089 3543 1280 3623 Anglorum
1296 3549 1441 3607 metrum

222 3646 265 3709 ab
282 3646 395 3710 italico
412 3653 519 3711 metro
536 3646 744 3728 discrepabat
761 3639 849 3729 qiod
868 3650 905 3712 in
923 3650 997 3729 ipso
1012 3647 1080 3712 fine
1096 3653 1177 3712 tono
1193 3654 1283 3712 caret
1300 3654 1335 3713 et
1351 3650 1439 3730 prio·

221 3774 292 3816 rem
312 3751 353 3816 ad
373 3751 547 3817 Gallorum
567 3776 700 3817 versum
719 3756 855 3835 propius
876 3755 1059 3818 accedebat.
1082 3754 1156 3818 Hoc
1176 3753 1329 3834 den-ique,
1351 3754 1440 3834 quod

223 3857 369 3938 syllabae
391 3859 465 3939 pari
487 3881 625 3923 numero
647 3859 825 3924 distinctae
846 3860 916 3925 iere
939 3882 1067 3940 semper
1090 3866 1240 3924 tenorem
1262 3860 1439 3936 habebant,

223 3961 324 4027 fiebat
342 3968 383 4027 ut
401 3969 547 4028 metrum
567 3970 685 4046 sponte
704 3989 764 4030 sua
784 3967 819 4030 in
840 3966 967 4030 iambos
987 3967 1104 4044 abiret,
1125 3972 1165 4031 ut
1184 3966 1331 4031 vidimus
1351 3965 1440 4048 apud

223 4067 439 4147 Ohauoerum,
457 4070 662 4136 necmirum
680 4077 826 4153 apparet,
845 4072 1003 4137 clausulis
1022 4072 1282 4138 consonantibus
1300 4072 1440 4137 sublatis

223 4196 306 4254 quae
321 4174 410 4256 apud
423 4176 548 4257 priores
562 4175 638 4241 tolli
652 4198 721 4240 non
735 4181 899 4259 poterant,
916 4182 1114 4243 accentuum
1128 4177 1237 4258 legem
1251 4178 1326 4259 plus
1342 4199 1441 4258 quam

253 4381 279 4434 1.
300 4382 343 4435 Sic
356 4383 383 4434 in
398 4384 472 4435 titulo
490 4385 555 4436 liber
573 4385 745 4437 inscribitur:
768 4387 819 4437 The
832 4386 930 4439 toorthe
947 4387 1009 4439 boka
1027 4387 1053 4438 of
1070 4388 1205 4454 virgili...
1226 4387 1367 4440 1111111111
1385 4387 1440 4442 into

222 4457 328 4524 English
338 4460 392 4515 ,and
407 4460 493 4511 drawn
507 4461 558 4513 into
570 4476 586 4512 a
597 4464 715 4526 straunge
724 4463 800 4512 nistre
812 4462 844 4529 by
855 4464 940 4530 Henry
953 4463 1027 4514 Barla
1037 4463 1061 4514 oi
1072 4463 1175 4529 Surrey.
