3644 5158
870 361 1043 428 ..46-

349 543 427 585 curn
447 521 555 586 rarius
579 525 662 586 esset
687 520 829 600 septimo
851 521 979 586 decimo
1000 527 1077 600 post
1099 520 1272 587 Christum
1293 525 1412 586 natum
1437 520 1568 586 saeculo
1613 579 1617 588 .

347 627 459 707 plures
476 626 629 692 Miltonii
645 648 759 692 versus
776 626 872 692 nobis
889 625 1081 707 legentibus
1098 626 1264 706 longiores
1283 648 1383 706 quam
1401 626 1568 690 breviores

347 751 504 814 apparere
529 731 652 798 debent
676 733 762 796 siout
786 755 900 798 revera
924 738 1063 798 constat.
1090 731 1280 796 Dummodo
1303 731 1412 812 igitur
1435 730 1567 812 legibus

345 838 473 902 heroici
498 840 598 903 metri
624 839 901 918 obtemperemus,
927 861 1009 920 quaa
1035 861 1146 919 supra,
1172 861 1240 904 non
1265 837 1409 918 syllabas
1433 842 1569 901 tantum

349 945 581 1025 computando,
603 944 659 1009 sed
680 944 748 1009 1111
767 947 897 1010 ratione
917 945 1213 1025 comprobavimus,
1234 945 1360 1024 ubique
1381 945 1418 1007 in
1439 942 1566 1008 duobus

349 1050 451 1130 epicis
469 1053 631 1131 poematis
650 1049 874 1132 decasyllabos
894 1052 1093 1116 invenimus.
1113 1049 1146 1113 N
1147 1071 1213 1114 unc
1232 1071 1311 1114 vero
1328 1049 1425 1113 nobis
1443 1049 1499 1129 jus
1517 1052 1567 1112 est

347 1155 515 1219 declarare
528 1157 615 1220 hanc
628 1157 739 1236 legem
751 1179 771 1220 a
783 1162 859 1220 vate
872 1156 1094 1219 necessariam
1108 1155 1279 1219 aestimari
1293 1176 1396 1236 quam
1409 1175 1451 1218 ne
1465 1153 1567 1217 semel

347 1259 484 1341 quidem
495 1262 608 1326 violat.
623 1261 719 1335 Quod
733 1267 884 1328 constare
897 1285 976 1326 mox
990 1263 1113 1326 iterum
1126 1261 1347 1338 ostendemus,
1363 1259 1567 1325 confutando

347 1369 433 1431 mira
447 1368 638 1433 criticorum
654 1373 842 1452 commenta
855 1369 915 1448 qui
927 1367 1118 1448 trisyllabos
1134 1390 1215 1448 quos
1229 1371 1350 1431 vocant
1363 1365 1464 1447 pedes
1478 1363 1566 1446 apud

348 1473 545 1539 Milionium
563 1475 720 1554 aucupati
740 1481 820 1538 sunt
836 1475 891 1538 vel
910 1475 1069 1555 aucupari
1087 1477 1300 1554 putaverunt.
1321 1471 1437 1536 Laude
1455 1476 1567 1535 autem

347 1601 384 1642 eo
398 1577 533 1659 dignior
547 1585 596 1643 est
610 1584 707 1659 poeta
720 1584 834 1642 noster
847 1579 993 1643 licentiis
1008 1579 1178 1643 abstinens
1193 1583 1226 1644 et
1240 1599 1377 1641 normae
1390 1577 1566 1642 observans

347 1683 436 1764 quod
458 1683 546 1764 apud
567 1685 693 1764 priores
715 1685 860 1764 tragicos
881 1685 1014 1764 legebat
1033 1707 1149 1749 versus
1169 1683 1223 1749 vel
1245 1682 1433 1747 inconditos
1457 1682 1506 1746 ita
1526 1685 1567 1745 ut
1662 1771 1666 1776 1

347 1812 406 1870 pro
429 1791 566 1872 syllabis
589 1796 668 1854 tono
691 1791 879 1854 carentibus
902 1795 997 1854 muta
1019 1787 1199 1854 intervalla
1221 1788 1457 1868 supplerentur
1467 1787 1490 1864 1,
1512 1785 1567 1850 vel

348 1918 442 1976 saepe
461 1895 785 1977 hypercatalecticus.
805 1894 936 1967 Quibus
956 1895 1159 1975 proscriptis,
1183 1893 1361 1957 Miltonius
1382 1893 1425 1956 de
1443 1892 1566 1956 litteris

347 2001 489 2081 anglicis
514 2001 639 2082 optime
664 2003 788 2064 meruit·
813 2007 845 2065 11
869 2001 975 2082 poetis
1001 2000 1255 2080 insequentibus
1281 1999 1454 2079 egregium
1480 1997 1566 2078 epici

346 2130 459 2171 versus
475 2107 617 2171 tradidit
632 2106 802 2188 exemplar
816 2106 904 2188 quod
921 2105 1145 2171 imitarentur.

375 2423 401 2475 1.
420 2423 458 2476 01.
476 2423 504 2474 Ε.
518 2428 545 2476 Α.
561 2425 660 2490 111111,
675 2439 715 2490 op,
728 2425 781 2488 cit,
796 2439 837 2489 pp.
851 2423 951 2475 374-85.
