3634 5152
705 907 1021 998 concessio
1110 889 1112 893 ’

788 1189 932 1199 ..ᾐ-

292 1485 398 1565 Epica
412 1484 564 1548 Miltonii
581 1489 733 1564 poemata
745 1484 945 1564 perscrutati
959 1485 1031 1564 ejus
1045 1485 1080 1547 in
1095 1509 1131 1549 re
1144 1485 1282 1549 metrica
1296 1486 1472 1550 immotum

252 1590 382 1672 aliquid
402 1591 603 1670 invenimus,
626 1588 792 1653 Heroicus
813 1573 904 1653 enim
926 1588 1080 1654 Paradisi
1102 1590 1228 1653 Amissi
1250 1590 1471 1672 Paradisique

252 1698 456 1777 Recuperati
477 1719 592 1760 versus
616 1719 746 1777 semper
767 1721 784 1761 e
807 1696 920 1760 decem
944 1699 1051 1765 solum
1074 1698 1212 1781 syllabis
1235 1704 1364 1764 constat
1387 1721 1471 1778 quae

252 1804 495 1885 computandae
513 1805 591 1868 sint.
611 1803 701 1877 Quas
720 1806 808 1868 inter
825 1804 970 1885 syllabas
989 1806 1138 1888 quinque
1156 1806 1284 1881 saltem,
1303 1828 1341 1870 ac
1359 1805 1471 1885 plures

252 1911 432 1988 interdum,
460 1893 584 1976 leviore
611 1911 666 1976 vel
685 1893 854 1975 'validiore
880 1917 959 1975 tono
985 1911 1253 1992 distinguuntur,
1282 1919 1314 1976 et
1342 1911 1472 1976 decima

251 2042 381 2100 semper
393 2025 543 2084 tenorem
559 2020 669 2083 habet.
686 2019 846 2098 Exceptis
862 2017 1006 2098 denique
1021 2019 1236 2104 paucioribus
1252 2018 1471 2099 pentametris

252 2149 333 2206 quos
359 2127 499 2190 fortasse
525 2126 741 2205 neglegentia
764 2124 909 2206 quedam
935 2130 1028 2189 vates
1054 2126 1193 2205 accepit,
1221 2125 1471 2206 decasyllabum

252 2255 417 2312 quemque
429 2233 471 2295 ab
483 2233 560 2297 aliis
572 2233 776 2297 intermissio
788 2234 842 2296 vel
854 2256 992 2297 caesura
1004 2240 1145 2317 separat.
1158 2235 1233 2298 Hoc
1241 2234 1353 2312 igitur
1365 2237 1472 2297 metro

252 2339 339 2420 quod
358 2339 502 2404 eundem
522 2340 729 2420 syllabarum
748 2363 928 2406 numerum
946 2339 1127 2420 diligenter
1147 2343 1260 2421 explet
1280 2347 1472 2421 certamque

252 2447 404 2510 observat
421 2453 620 2510 accentuum
636 2448 746 2527 legem
763 2448 801 2511 fit
817 2454 856 2511 ut
873 2447 1024 2512 Miltonii
1041 2470 1117 2527 epos
1135 2447 1302 2512 scribatur
1318 2445 1471 2511 adamus-

253 2555 325 2618 sim.
1133 2550 1137 2557 ’

294 2662 373 2725 Alia
391 2684 468 2726 vero
488 2660 579 2742 apud
597 2684 673 2725 eum
692 2662 784 2726 varie
804 2659 957 2725 adhibita
976 2662 1176 2738 notavimus,
1197 2661 1319 2744 quibus
1338 2683 1472 2724 versum
1532 2656 1534 2659 ’

253 2789 384 2848 semper
395 2790 502 2830 unum
516 2773 548 2830 et
559 2766 702 2830 eundem
713 2767 845 2830 vitaret.
861 2765 992 2830 Scimus
1003 2767 1105 2842 enim,
1117 2788 1159 2829 ne
1170 2767 1348 2844 loquamur
1359 2765 1399 2827 de
1411 2784 1469 2827 sex

251 2862 472 2956 pluribusque
489 2875 577 2938 tonis
595 2876 654 2954 qui
670 2875 786 2938 rarius·
796 2875 1021 2954 reperiuntur,
1038 2879 1172 2953 poetam
1189 2872 1271 2938 duos
1288 2872 1471 2949 trochaeos,

252 3004 495 3062 nonnunquam
514 2983 700 3058 continuos,
719 3005 757 3046 ac
776 2982 944 3045 rarissime
962 2987 1030 3046 tres
1048 2983 1216 3062 sejunctos
1235 2982 1271 3044 in
1290 2980 1471 3061 decasylla-

251 3088 333 3151 bum
345 3088 504 3152 inducere
517 3088 768 3168 adventitiaque
781 3090 832 3153 uti
845 3087 975 3170 syllaba
987 3111 1072 3168 quae
1085 3089 1122 3152 in
1134 3088 1201 3153 fine
1214 3089 1315 3152 metri
1326 3090 1472 3153 velante

252 3218 434 3272 caesuram,
451 3196 658 3277 tragicorum
676 3219 778 3273 more,
797 3197 833 3259 in
851 3218 1030 3259 numerum
1049 3219 1115 3260 non
1133 3195 1288 3260 refertur.
1309 3196 1472 3274 Interspi⁶

252 3303 439 3366 rationibus
454 3295 567 3366 autem
582 3325 653 3367 rem
667 3304 843 3368 metricam
857 3303 966 3367 variat
981 3302 1061 3366 dum
1075 3309 1150 3382 post
1165 3301 1311 3366 diversas
1328 3301 1473 3382 syllabas

253 3433 306 3473 eas
323 3410 463 3473 collocat
480 3432 698 3490 caesurasque
714 3410 1019 3474 intermissionibus
1037 3410 1164 3473 miscet.
1182 3409 1274 3472 Huic
1291 3408 1374 3473 adde
1390 3431 1474 3488 pen·-

250 3521 409 3584 tametros
427 3539 569 3596 quorum
585 3516 687 3580 verba
705 3514 869 3597 quaedam
886 3514 928 3579 ad
946 3515 1228 3595 significationem
1247 3515 1349 3579 utilia
1366 3516 1402 3578 in
1422 3537 1469 3578 se-

251 3609 408 3701 quentem
425 3629 674 3704 pentametrum
694 3624 882 3704 incurrunt,
901 3623 1023 3703 quibus
1042 3623 1091 3685 ita
1109 3621 1286 3685 Miltonius
1305 3622 1415 3685 utitur
1432 3627 1471 3685 ut

250 3729 415 3792 nonnulla
436 3729 600 3792 vocabula
624 3730 711 3792 clare
736 3730 907 3794 emineant
930 3717 1163 3809 longioresque
1187 3735 1379 3811 poematum
1404 3729 1470 3793 loci

251 3835 427 3926 gravitatis
443 3839 476 3898 et
492 3832 647 3923 elationis
663 3834 794 3917 aliquid
810 3835 996 3900 ostendant.

293 3941 392 4023 Epici
415 3941 521 4023 igitur
542 3941 647 4005 nostri
669 3948 786 4022 poetae
807 3939 922 4006 ¹uersus
944 3944 1017 4022 ipsa
1038 3950 1161 4007 natura
1183 3948 1215 4007 et
1237 3942 1368 4022 legibus
1393 3965 1470 4032 cum

248 4051 399 4130 priorum
425 4037 632 4128 tragicorum
660 4049 880 4130 decasyllabis
909 4056 1100 4130 congruunt
1128 4072 1271 4130 quorum
1300 4050 1470 4113 clausulae

252 4157 357 4222 simili
381 4158 493 4220 sonitu
517 4145 633 4221 carent
656 4161 699 4232 et,
725 4140 878 4236 quamvis
903 4156 1030 4236 anglici
1056 4157 1301 4220 existimatores
1321 4157 1376 4232 ,rei
1401 4178 1469 4219 non

250 4264 486 4340 assentiantur,
501 4262 604 4326 iidem
619 4268 696 4327 sunt
710 4268 810 4344 atque
824 4263 950 4326 heroici
964 4265 1150 4345 priscorum
1165 4263 1341 4327 Gallorum
1356 4284 1470 4327 versus

250 4371 483 4451 Italorumquc
514 4369 796 4451 hendecasyllabi.
829 4369 1009 4436 Miltonius
1039 4377 1153 4435 autem
1177 4370 1306 4435 horum
1338 4373 1470 4433 secutus
