3644 5158
775 346 950 412 -63'-

256 527 363 586 nsque
382 527 525 572 asserere
542 505 644 570 liceat
661 506 810 588 primum
828 505 972 573 secundo
990 508 1045 573 vel
1064 507 1202 571 tertium
1221 513 1341 590 quarto
1360 509 1472 573 minus

256 611 373 677 valere.
393 611 519 677 Eadem
535 634 611 676 vero
628 611 695 676 dici
712 618 853 692 possunt
868 612 909 678 de
925 613 1001 677 aliis
1018 612 1212 695 hujusmodi
1229 614 1389 692 versibus,
1408 637 1474 695 quo

255 723 392 797 apparet
408 717 606 782 Miltonium
622 716 723 782 facile
738 719 814 798 plus
831 717 981 799 quinque
997 718 1085 782 tonis
1102 719 1195 798 epico
1211 718 1251 782 in
1265 724 1371 784 metro
1386 720 1471 783 acci-

256 845 341 903 pere,
362 823 542 888 dummodo
560 824 614 887 vel
633 821 771 904 syllabis
790 824 886 888 nullo
905 829 1018 890 tenore
1039 824 1208 889 distinctis
1226 824 1280 889 vel
1299 824 1380 890 forti
1400 847 1471 891 cae-

252 949 327 992 sura
340 934 542 1008 separentur.

294 1033 329 1096 Si
341 1056 419 1098 vero
433 1039 615 1116 quaeratur
626 1055 693 1113 qua
706 1033 746 1097 de
760 1057 860 1098 causa
872 1039 963 1098 vates
978 1057 998 1098 a
1010 1032 1109 1098 solita
1121 1056 1235 1099 versus
1249 1036 1301 1101 sui
1315 1035 1389 1115 lege
1403 1034 1468 1098 dis-

252 1138 356 1215 cedat,
377 1138 466 1220 quod
486 1145 615 1204 certum
634 1127 902 1219 respondendum
924 1140 967 1204 sit
988 1161 1056 1204 non
1075 1127 1268 1205 habeamus.
1291 1140 1470 1205 Miltonius

251 1251 363 1309 tamen
376 1252 485 1310 metro
499 1269 556 1312 sex
569 1247 659 1311 tonis
673 1245 832 1312 distincto
847 1245 921 1311 ideo
934 1246 1068 1312 videtur
1082 1247 1195 1311 favere
1210 1246 1298 1328 quod
1314 1249 1361 1312 sic
1376 1245 1470 1312 deca-

253 1351 418 1430 syllabum
440 1352 568 1416 variare
588 1356 706 1431 potest,
730 1375 791 1416 nec
810 1353 957 1417 multum
979 1375 1092 1419 versus
1114 1375 1135 1417 a
1156 1375 1274 1419 norma
1294 1353 1469 1435 discrepat,

241 1473 327 1521 ¹curn
358 1458 488 1538 saepius
519 1456 698 1522 dimidium
730 1460 848 1522 saltem
878 1458 1044 1523 scribatur
1073 1457 1285 1523 adamussim.
1318 1459 1469 1524 Fortasse

169 1643 173 1650 ι
253 1585 382 1643 quoque
404 1565 496 1627 hunc
518 1563 760 1642 hexametrum,
785 1565 813 1629 si
837 1565 938 1628 liceat
961 1564 1010 1627 ita
1034 1563 1152 1641 dicere,
1178 1563 1351 1629 condendo
1373 1570 1472 1646 poeta

253 1691 370 1732 verum
394 1668 549 1750 Spenseri
575 1670 727 1735 imitatus
752 1675 802 1734 est
826 1671 1059 1734 hexametrum
1085 1671 1144 1750 qui
1169 1675 1239 1734 tam
1265 1675 1343 1752 apte
1366 1672 1470 1751 hujus

255 1776 403 1856 strophas
428 1774 608 1841 concludit.
634 1775 752 1858 Neque
775 1777 865 1842 enim
889 1776 977 1857 apud
1003 1776 1085 1841 alios
1109 1783 1201 1840 vates
1226 1777 1469 1841 sextodecimo

253 1887 327 1961 post
347 1882 519 1946 Christum
540 1887 659 1948 natum
679 1884 809 1948 saeculo
829 1882 950 1948 similis
970 1906 1084 1947 versus
1106 1883 1244 1948 omnino
1265 1883 1379 1948 deestl
1401 1906 1470 1946 ma-

253 1987 368 2067 jorque
394 1992 549 2052 tonorum
575 2011 733 2066 numerus
759 1989 936 2070 pluresque
963 2012 1125 2067 caesurae,
1153 1995 1299 2054 metrum
1327 1989 1471 2070 amplifi·

253 2092 358 2155 cando
371 2093 520 2170 auribus,
535 2094 588 2156 illi
602 2095 789 2175 majestatis
805 2093 965 2176 quiddam
980 2118 1017 2158 ac
1033 2117 1193 2159 canorum
1208 2093 1346 2159 addunt.
1364 2093 1472 2168 Quem

254 2221 330 2262 curn
342 2205 440 2279 poeta
451 2200 646 2282 plerumque
660 2202 701 2266 ad
715 2225 766 2266 res
781 2201 1022 2266 enumerandas
1037 2201 1211 2278 adhibeat,
1220 2202 1370 2281 singulas
1385 2202 1472 2266 clare

254 2305 413 2386 exprimit
424 2312 457 2370 et
468 2307 644 2372 verborum
656 2309 822 2388 gravitate
833 2307 976 2388 quodam
990 2308 1086 2372 modo
1098 2308 1266 2388 legentem
1278 2314 1471 2374 commovet.

297 2411 477 2475 Miltonius
504 2413 619 2492 igitur,
648 2413 735 2494 quod
763 2413 804 2478 ad
833 2419 928 2478 tonos
955 2415 1088 2491 attinet,
1116 2415 1336 2478 remissiorem
1364 2417 1472 2494 legem

255 2516 414 2581 observat.
437 2515 626 2582 Dummodo
643 2519 734 2581 enirn
753 2519 865 2599 epicus
885 2542 998 2583 versus
1020 2520 1133 2585 decem
1153 2521 1298 2600 prolatas
1318 2525 1473 2584 numeret

256 2621 409 2702 syllabas,
438 2628 593 2687 accentus
620 2624 711 2688 varie
737 2624 908 2704 dispertiri
935 2630 1083 2704 possunt.
1112 2625 1234 2689 Rarius
1261 2648 1337 2689 vero
1366 2627 1472 2690 conti·

255 2733 408 2792 nuantur.
419 2727 485 2792 duo
502 2731 703 2808 pentametri
721 2752 862 2810 quorum
880 2729 1027 2809 syllabae
1044 2729 1187 2793 eundem
1205 2753 1337 2810 prorsus
1358 2753 1473 2794 accen·

257 2837 353 2896 tuum
374 2833 526 2897 ordinem
544 2834 680 2911 habent,
702 2857 778 2898 curn
798 2834 871 2897 toni
891 2856 982 2898 nunc
1002 2835 1037 2897 in
1059 2835 1198 2923 alteram
1220 2855 1386 2915 quamque
1406 2836 1472 2916 syl-

237 2936 366 3000 -labam
385 2937 537 3002 incidant
556 2939 768 3015 examussim,
790 2961 879 3003 nunc
899 2940 935 3002 in
955 2940 1100 3019 primam
1118 2939 1217 3002 metri
1237 2939 1401 3020 syllabam
1420 2938 1473 3004 vel

257 3044 292 3106 in
309 3065 381 3108 earn
396 3067 481 3124 quae
496 3066 647 3109 cassinae
663 3046 815 3124 proxima
831 3045 1019 3126 subjicitur,
1036 3067 1127 3109 nunc
1142 3068 1230 3124 vere,
1248 3047 1386 3110 mutatis
1403 3069 1474 3110 cae·

257 3151 352 3227 suris,
367 3150 437 3214 iere
449 3173 581 3215 omnem
595 3152 704 3215 locum
718 3157 829 3215 tenere
843 3153 981 3231 possint.
998 3151 1133 3232 Septem
1148 3151 1293 3232 denique
1305 3154 1358 3217 vel
1373 3153 1475 3216 etiam

258 3261 339 3334 octo,
356 3258 383 3322 si
398 3279 449 3320 res
465 3258 621 3338 postulet,
636 3279 877 3337 nonnunquam
894 3257 1054 3322 invenies.
1072 3258 1139 3322 Hic
1155 3259 1246 3322 enirn
1262 3258 1402 3322 arbitrio
1418 3282 1475 3322 suo

258 3363 366 3426 verbis
386 3362 528 3444 imperat
549 3363 690 3444 scriptor
711 3364 806 3444 cujus
828 3386 903 3443 epos
925 3363 1068 3444 quodam
1089 3363 1188 3428 modo
1209 3365 1310 3428 silvae
1333 3366 1475 3444 speciem

257 3467 360 3533 refert
370 3469 429 3533 ubi
442 3470 572 3534 arbores
585 3467 639 3533 vel
652 3469 771 3533 densae
784 3475 1029 3550 componuntur
1041 3470 1093 3533 vel
1106 3491 1200 3533 rarae
1212 3475 1366 3533 crescunt
1377 3477 1476 3550 prout

257 3574 427 3638 uberrimo
443 3575 582 3638 aluntur
599 3575 668 3639 solo
684 3597 799 3651 necne,
816 3576 990 3654 succisque
1006 3575 1105 3638 laetis
1121 3575 1330 3639 nutriuntur.

250 3869 252 3876 .
286 3828 313 3879 1.
334 3827 371 3878 Gt.
383 3827 493 3878 tortasse
505 3828 532 3879 Ε.
547 3830 575 3879 Α.
589 3827 691 3892 Abbott,
704 3840 742 3892 op.
757 3827 808 3888 cit,
822 3840 864 3892 pp.
880 3825 979 3888 sar-99.
