3634 5152
716 411 896 478 -69-

187 575 309 639 reveal
334 602 352 636 ι
379 576 434 656 (Ρ.
456 576 495 638 L.
517 576 560 652 l',
580 574 731 649 568-70).
754 574 872 655 anue
894 597 1042 650 caesura,
1063 574 1217 638 omnium
1239 574 1421 650 rarissima,

188 704 280 761 quae
296 689 377 762 post
391 705 516 746 nonam
531 683 699 763 prolatam
715 681 881 763 syllabam
897 682 1082 758 invenitur,
1098 681 1353 761 monosyllabon
1370 682 1421 744 in·

186 787 334 852 terdum
354 791 502 853 eminere
520 796 641 870 potest,
659 797 699 853 nt
719 791 756 852 in
774 795 987 869 pentametro
1009 813 1017 852 :
1040 815 1056 849 ι
1081 787 1181 852 Made
1200 795 1237 852 to
1256 787 1422 872 destroy.((

188 894 207 959 I
220 894 387 976 fled,(and
398 895 489 960 cried
500 903 560 960 out
570 895 681 959 Deuth
691 895 706 958 .'
718 921 734 955 s
752 894 807 976 (P.
820 895 859 958 L.
872 895 922 972 ΙΙ,
935 895 1014 975 ἴδ’ῖ)
1028 895 1110 958 rel«
1127 894 1238 958 Adoro
1250 895 1323 958 him
1335 895 1420 972 who,

187 1006 225 1065 to
248 1025 408 1085 compass
428 1004 476 1067 all
495 1003 577 1080 this,
598 1002 669 1066 dies
691 1029 707 1063 ι
735 1002 790 1082 (P.
813 1002 851 1066 L.
874 1002 1166 1080 111,342)‚dum
1187 1004 1321 1084 saepius
1343 1027 1421 1068 cum

187 1108 321 1174 ultimo
340 1111 441 1173 metri
459 1110 561 1174 serbo
581 1111 726 1173 incisum
745 1109 868 1189 incipit
889 1108 979 1190 quod
998 1116 1194 1190 sequentem
1214 1111 1251 1172 in
1272 1109 1420 1191 decasyl-

187 1214 314 1279 labum
333 1217 486 1292 incurrit,
502 1239 554 1280 ex.
572 1239 622 1296 gr.
642 1241 650 1278 ε
669 1242 685 1276 s
705 1213 879 1296 calledsBy
896 1215 1025 1279 Nature
1041 1239 1078 1280 as
1095 1217 1131 1279 in
1148 1214 1295 1297 aid,1and
1310 1215 1422 1280 closed

188 1343 250 1402 my
266 1346 349 1403 eyes
367 1333 382 1384 Ι
406 1323 460 1402 (P.
478 1324 517 1386 L.
535 1322 639 1399 IIII,
655 1323 773 1392 4589:
792 1323 858 1398 IX,
875 1323 992 1391 9624:
1012 1323 1076 1400 XI,
1094 1325 1211 1400 als&
1230 1324 1269 1388 P.
1288 1324 1330 1388 R.
1349 1323 1420 1400 ΙΙΙ,

188 1429 326 1509 {tw-8).
346 1429 467 1512 Itaque
485 1453 528 1494 ex
546 1429 600 1494 his
618 1431 764 1494 caesuris
783 1431 832 1493 ita
851 1431 1023 1494 collocatis
1041 1437 1080 1493 ut
1098 1432 1248 1494 novitate
1267 1432 1421 1494 animum

186 1535 342 1616 legentis
358 1544 588 1601 commoveant
604 1559 662 1600 eae
677 1537 787 1616 magis
801 1536 956 1601 adhiberi
970 1535 1130 1600 videntur
1145 1559 1231 1617 quae
1246 1543 1421 1616 ponuntur

187 1649 269 1724 post
282 1643 405 1724 pedem
418 1642 599 1724 quemdam
613 1641 785 1723 integrnni
800 1645 954 1724 aliaeque
967 1644 1022 1707 rel
1036 1644 1221 1707 sententiae
1236 1645 1339 1707 finem
1352 1642 1419 1706 dis-

187 1751 362 1831 tinguunt
382 1751 437 1814 vel
458 1757 609 1814 extremo
630 1751 668 1814 in
689 1773 789 1814 versu
810 1753 945 1814 ineunti
968 1751 1154 1815 sententiae
1176 1750 1304 1814 favent.
1328 1749 1420 1821 Quas

189 1856 497 1938 interspirationes,
518 1860 547 1921 si
567 1880 662 1921 rarae
682 1858 720 1922 in
738 1858 903 1940 poematis
922 1857 1155 1934 inveniuntur,
1176 1855 1349 1920 interdum
1368 1861 1430 1922 ta·.

189 1985 274 2028 men
293 1965 539 2044 frequentiores
556 1963 812 2029 animadvertes.
833 1964 889 2028 Sic
907 1966 999 2027 enim
1017 1965 1202 2028 nonnullae
1221 1965 1258 2027 in
1277 1963 1420 2042 septimo

190 2067 354 2134 Paradisi
367 2069 496 2134 Amissi
509 2069 597 2133 libro
609 2069 728 2133 insunt
741 2092 793 2133 ex.
806 2092 856 2149 gr.
873 2069 927 2149 (P.
940 2070 979 2133 L.
991 2069 1074 2145 VII,
1087 2068 1159 2144 108,
1171 2067 1244 2142 306,
1256 2068 1328 2144 323,
1341 2066 1414 2143 374,

192 2175 278 2256 640)
296 2176 514 2256 neglegentia
528 2174 674 2254 quadam
690 2175 831 2239 fortasse
848 2181 1004 2256 acceptae
1020 2199 1098 2239 cum
1115 2198 1170 2238 eas
1187 2175 1261 2254 ipsa
1277 2196 1330 2237 res
1347 2195 1415 2237 non

190 2284 513 2364 semper‘requirere
530 2282 695 2360 videatur,
713 2287 802 2347 sicut
819 2290 855 2347 et
869 2286 1074 2365 pentametri
1091 2307 1236 2364 quorum
1253 2282 1418 2364 quaedam

189 2390 299 2454 'verba
317 2389 360 2454 ad
377 2391 626 2470 significatione
643 2391 745 2454 utilia
763 2393 800 2455 in
819 2397 1014 2471 sequentem
1032 2415 1167 2455 versum
1186 2392 1374 2454 incurrunt.

237 2497 305 2561 His
321 2519 401 2561 vero
417 2497 610 2577 saepissime
626 2499 737 2560 utitur
755 2497 933 2562 Miltonius
950 2520 1028 2562 cum
1044 2521 1150 2580 paene
1167 2521 1257 2561 unus
1274 2520 1292 2561 e
1308 2497 1418 2562 tribus

192 2601 418 2684 decasyllabis
431 2602 520 2684 apud
534 2626 612 2668 eum
625 2602 822 2683 hujusmodi
836 2605 890 2680 sit,
905 2603 1025 2685 quade
1040 2627 1074 2668 re
1090 2606 1127 2667 in
1139 2603 1256 2668 libello
1270 2603 1418 2683 poemati

192 2709 285 2791 quod
299 2709 481 2774 Paradisus
495 2710 649 2774 Amissus
665 2710 862 2773 inscribitur
875 2709 1074 2789 praeposito,
1089 2716 1128 2773 ut
1144 2730 1247 2789 supra
1259 2707 1418 2784 vidimus,

192 2817 307 2881 verbis
323 2844 338 2879 ι
356 2816 416 2881 the
431 2840 524 2881 sense
539 2816 654 2880 drawn
670 2824 728 2882 out
743 2817 831 2880 from
847 2839 909 2879 one
924 2838 1017 2879 verse
1033 2817 1106 2882 into
1121 2815 1272 2893 another,
1290 2842 1305 2878 ι
1324 2838 1416 2879 men·

191 2925 324 2988 tionem
335 2924 427 2988 lecit.
443 2923 616 3003 Neglectis
629 2925 721 2987 enim
733 2945 892 2987 versuum
908 2922 1068 2987 clausulis
1082 2923 1218 2986 intense
1234 2943 1416 2987 consonan-

191 3030 297 3107 tibus,
318 3031 392 3094 fieri
412 3054 480 3096 non
498 3036 631 3111 poterat
651 3031 735 3111 quin
754 3030 923 3095 sententia
942 3035 1039 3094 extra
1058 3029 1141 3094 fines
1161 3032 1261 3094 metri
1282 3028 1416 3110 egrede-

192 3143 299 3215 retur,
326 3160 369 3202 ne
396 3138 518 3202 similis
546 3160 677 3219 semper
704 3160 842 3202 caesura
868 3138 1041 3202 molestiae
1068 3136 1199 3218 aliquid
1226 3137 1417 3217 legentibus

193 3245 341 3310 afferret.
354 3243 451 3318 Quod
462 3243 504 3308 ad
515 3245 605 3308 hunc
616 3250 734 3325 poetae
744 3267 843 3309 usum
855 3244 988 3321 attinet,
1000 3268 1077 3309 cum
1090 3244 1187 3309 docto
1197 3244 1270 3310 viro
1282 3244 1417 3308 Messon

193 3353 337 3416 omnino'
349 3352 576 3416 consentimus
592 3353 652 3432 qui
668 3353 798 3416 notavit
815 3353 1018 3415 sententiam
1033 3375 1139 3432 usque
1157 3351 1199 3414 ad
1216 3357 1346 3415 sextam
1363 3351 1417 3414 vel

193 3457 238 3522 ad
254 3463 409 3538 quartam
426 3459 596 3538 sequentis
613 3457 816 3539 pentametri
833 3458 999 3538 syllabam
1015 3457 1226 3540 frequentius
1244 3455 1382 3521 extendi
1393 3458 1415 3532 Ι,

193 3563 347 3628 nectere
366 3585 518 3643 unquam
536 3562 630 3627 ultra
647 3568 809 3640 octavam,
829 3562 887 3627 sed
906 3564 998 3626 intra
1016 3568 1172 3642 quartam
1193 3567 1412 3642 octavamque

194 3671 341 3752 syllabas
351 3672 553 3751 plerumque
563 3671 725 3748 desinere,
736 3677 775 3736 ut
787 3673 823 3735 in
834 3672 897 3735 hoc
908 3694 1007 3735 versu
1017 3694 1023 3733 :
1033 3698 1047 3732 ι
1058 3671 1120 3735 but
1131 3671 1245 3737 rather
1258 3669 1417 3754 seeksOur

195 3800 268 3842 own
280 3776 365 3858 good
376 3778 464 3842 from
476 3779 644 3843 ourselves
658 3804 672 3841 ι
693 3778 747 3860 (Ρ.
760 3780 798 3843 L.
813 3779 862 3856 ΙΙ,
875 3778 994 3844 252·53
1008 3784 1041 3842 ct
1054 3765 1095 3843 cf.
1109 3779 1148 3843 P.
1161 3779 1199 3843 L.
1213 3778 1263 3856 II,
1276 3777 1414 3856 215-163

194 3883 235 3960 V,
251 3883 367 3960 704-5;
383 3882 520 3959 788-89;
536 3883 597 3961 VI,
613 3884 751 3961 854-553
765 3884 870 3962 VIII,
885 3882 1001 3963 607-83
1018 3885 1083 3962 XI,
1098 3883 1237 3962 287-883
1253 3885 1290 3950 P.
1307 3884 1348 3950 R.
1364 3884 1415 3961 II,

194 3990 333 4068 99-100;
353 3990 568 4073 111‚250-1).
588 3990 766 4055 Interdum
784 4015 863 4056 vero
880 4016 957 4056 eum
974 4015 1089 4058 versus
1108 4015 1129 4056 a
1147 3997 1305 4073 sequente
1323 3993 1377 4056 vel
1396 4015 1416 4056 a

192 4098 304 4179 priore
319 4103 531 4179 pentametro
545 4099 643 4162 nulla
658 4120 794 4162 caesura
811 4103 992 4180 separetur,
1008 4100 1140 4179 poetica
1156 4098 1301 4180 quodam
1316 4097 1415 4164 modo

193 4204 350 4284 periodus
371 4205 529 4284 efficitur,
549 4229 599 4270 ex.
620 4229 669 4288 gr.
692 4233 706 4267 ι
729 4205 839 4272 whose
858 4229 933 4271 roar
952 4206 1180 4272 Embowelled
1199 4207 1282 4272 with
1303 4211 1414 4271 outra-

224 4378 250 4430 Ι.
272 4379 310 4432 Gt.
324 4380 352 4431 D.
366 4381 476 4444 Messon,
491 4394 531 4446 op.
544 4380 597 4444 cit,
612 4382 661 4433 vol.
678 4382 723 4445 ΙΙΙ,
737 4395 779 4447 pp.
792 4381 887 4434 ‘res-29.
