3634 5152
742 350 920 416 ...19...

226 511 264 574 in-
286 508 404 573 fabula
426 508 527 590 paulo
549 513 624 590 post
647 509 808 590 privatim
831 515 906 574 acte
928 531 1011 591 quae
1037 509 1214 574 «Arcades
1243 534 1259 571 s
1284 510 1443 575 inscribe-

223 615 324 680 batur
336 616 358 679 ².
379 614 505 679 Eodem
524 637 655 700 quoque
673 613 780 694 modo,
799 619 986 697 postquam,
1007 614 1258 695 Cantabrigiam
1276 614 1443 696 linquens,

227 742 314 786 0110
332 721 426 798 1632,
446 722 482 784 in
500 742 625 802 pagum
644 719 777 786 Horton
798 721 886 802 apud
905 725 1034 803 patrem
1052 712 1196 800 secessit,
1216 745 1250 788 se
1268 719 1392 788 litteris
1411 727 1445 788 et

226 827 375 907 antiquis
404 832 437 892 et
464 827 590 892 italicis
618 831 728 894 totum
756 826 850 892 dedit
877 851 916 892 ac
944 827 1061 893 sedulo
1087 850 1193 909 usque
1220 827 1350 893 studuit
1378 828 1443 894 arti

227 933 392 998 metricae.
414 931 568 1013 Namque
587 933 625 998 in
646 933 799 1014 operibus
822 933 1031 1013 longioribus
1052 956 1136 1014 quae
1156 931 1337 1014 L'Allegro
1357 939 1391 998 et
1412 933 1445 1026 Il

227 1037 429 1104 Ρο10010002
454 1038 612 1102 dicuntur
635 1061 673 1102 ac
696 1038 765 1104 fere
788 1039 851 1102 hoo
873 1045 1020 1120 tempore
1045 1040 1228 1120 composita
1250 1043 1338 1116 sunt,
1364 1038 1442 1107 dum

224 1145 420 1220 varietatem
458 1149 668 1208 consectatur
702 1145 921 1224 pentametris
954 1145 1095 1210 heroicis
1128 1145 1297 1212 trimetros
1328 1145 1447 1209 miscet

224 1255 503 1334 tetrametrosque
521 1251 570 1314 110
586 1256 625 1314 ut
643 1249 734 1315 dicas
752 1251 952 1316 Miltonium
967 1249 1077 1316 adhuc
1094 1251 1256 1330 juvenem
1272 1249 1311 1314 de
1330 1237 1448 1314 metris

225 1354 362 1418 utendis
378 1354 591 1423 dubitavisse.
610 1354 679 1428 Qui
696 1378 772 1420 cum
791 1362 825 1422 et
840 1355 1032 1437 Anglorum
1049 1354 1194 1426 traditae
1210 1353 1445 1420 consuetudini

227 1460 263 1522 in
285 1461 488 1524 carminibus
509 1462 736 1540 obtemperare
756 1461 868 1540 101101,
890 1461 972 1526 dum
992 1483 1150 1526 versuum
1169 1461 1336 1527 clausulas
1356 1461 1447 1525 inter

227 1587 260 1628 00
282 1570 501 1630 consonantes
524 1567 659 1646 accepit,
684 1572 717 1630 01
739 1571 890 1632 veterum
911 1565 1142 1647 Italorumque
1164 1566 1318 1648 exemplo
1339 1563 1445 1630 illice-

227 1675 328 1748 retur,
349 1670 493 1751 quodam
513 1671 613 1736 modo
632 1671 739 1736 0011110
759 1676 942 1736 metrorum
961 1657 1093 1752 legibus
1113 1672 1252 1736 liberius
1272 1672 1325 1736 uti
1345 1693 1445 1752 quae-

225 1777 328 1855 rebat,
346 1781 527 1857 antequam
539 1777 690 1842 heroicos
702 1800 825 1856 versus,
840 1778 964 1858 rejecto
977 1776 1121 1857 denique
1135 1782 1359 1843 extremorum
1373 1800 1446 1842 rer-

228 1881 346 1945 borum
363 1881 467 1946 simili
484 1883 607 1960 sonitu,
626 1881 815 1954 scribendos
833 1883 1022 1962 susciperet.

272 1984 368 2058 Quod
386 2010 464 2052 vero
484 1987 586 2072 hujus
604 1987 737 2068 generis
755 1989 902 2068 primum
921 1987 1066 2052 tentavit
1084 2009 1121 2052 11
1141 2009 1239 2068 opere
1257 1986 1447 2069 tragoediae

228 2092 333 2156 simili
351 2093 553 2172 invenimus,
573 2094 706 2174 anglice
726 2121 740 2156 «
763 2115 900 2174 masque
920 2119 935 2156 1
958 2092 1047 2158 dieto
1066 2100 1100 2158 et
1119 2093 1157 2159 in
1175 2082 1290 2175 oppidi
1308 2091 1450 2157 Ludlow

230 2196 383 2274 Castello,
400 2220 488 2264 anuo
502 2198 597 2275 1631,
613 2204 696 2276 0010,
711 2205 751 2267 ut
766 2198 881 2264 Comes
895 2198 937 2263 de
950 2198 1189 2279 Bridgewater,
1206 2203 1337 2264 creatus
1352 2198 1448 2264 Cam·

229 2300 399 2366 brensium
419 2301 615 2384 praefectus,
637 2303 916 2368 cohonestaretur.
938 2302 1006 2366 Hic
1027 2303 1118 2368 enim
1139 2303 1304 2385 quidquid
1325 2303 1449 2370 cantici

231 2411 290 2485 est,
309 2410 350 2470 ut
368 2412 525 2472 contexta
542 2405 679 2474 fabulae
697 2395 855 2484 carmina,
877 2408 978 2473 variis
999 2408 1157 2474 scribitur
1175 2396 1349 2474 versiculis
1368 2431 1448 2491 quo·

230 2533 306 2575 1011
329 2510 497 2578 clausulae
522 2513 612 2577 inter
635 2536 670 2577 00
693 2513 891 2578 inordinate
907 2513 1083 2579 1edeuntes
1106 2519 1299 2580 consonant
1325 2514 1450 2582 Contra

205 2598 208 2607 ¹
229 2639 308 2682 vero
323 2615 487 2697 quidquid
504 2617 664 2682 nonnihil
680 2617 722 2681 ad
738 2617 890 2682 fabulam
906 2617 1070 2700 agendam
1087 2619 1228 2700 adjuvat
1243 2618 1297 2683 vel
1314 2617 1357 2684 ad
1374 2641 1451 2709 per-¹

231 2744 385 2786 sonarum
412 2745 596 2787 sermonem
622 2723 746 2788 attinet
774 2722 925 2804 (excepto
949 2745 1019 2788 uno
1045 2725 1205 2806 brevique
1231 2725 1341 2806 operis
1367 2725 1448 2803 loco,

229 2849 259 2895 1.
278 2827 435 2907 495-512)
453 2828 631 2895 Μ11101110
649 2828 782 2892 heroico
799 2833 1006 2910 pentametro
1025 2832 1083 2910 qui
1102 2830 1208 2895 simili
1225 2836 1450 2897 extremorum

230 2933 407 2997 verborum
425 2935 538 2999 sonitu
553 2940 644 2998 00101
658 2932 805 3000 feliciter
821 2939 856 2999 et
871 2933 942 2999 fere
957 2934 1163 3001 adamussim
1178 2936 1304 3001 scribit.
1323 2936 1450 3002 Paucos

231 3061 361 3118 quoque
379 3038 443 3102 hoc
461 3039 497 3102 in
515 3061 612 3119 opere
629 3038 943 3121 hypercatalecticos
961 3041 1094 3104 notabis
1111 3063 1235 3119 versus,
1254 3041 1325 3106 iere
1342 3063 1450 3106 unum

230 3164 298 3206 non
327 3142 481 3223 amplius,
511 3144 601 3208 inter
628 3143 803 3210 duodecim
816 3147 838 3218 ³,
868 3146 1151 3227 paucissimosque
1178 3169 1320 3229 quorum
1349 3148 1451 3213 verba

232 3248 395 3328 quaedam
416 3247 458 3314 ad
482 3249 762 3329 significationem
783 3251 885 3316 utilia
906 3253 942 3315 in
965 3257 1161 3332 sequentem
1183 3275 1318 3318 versum
1341 3253 1451 3316 incur-

232 3359 321 3419 runt.
340 3353 496 3418 (laesuris
516 3356 608 3419 enim
627 3355 729 3420 variis
749 3357 858 3420 utitur
880 3356 935 3421 sed
957 3358 1148 3437 saepissime
1168 3359 1267 3422 metri
1287 3357 1356 3421 fine
1376 3379 1449 3420 sen-

233 3459 359 3524 tentiae
380 3481 458 3524 suae
479 3458 581 3522 finem
603 3460 755 3539 imponit.
779 3459 874 3524 Tunc
895 3483 982 3536 vero,
1004 3482 1082 3525 cum
1103 3461 1169 3526 sibi
1189 3463 1238 3525 110
1258 3460 1451 3525 libertatem

232 3564 268 3627 in
290 3587 326 3629 re
346 3565 484 3629 metrica
504 3563 758 3641 vindicavisset,
775 3566 954 3646 antiquum
972 3567 1094 3646 jugum
1116 3564 1341 3630 clausularum
1362 3567 1451 3630 inter

234 3693 267 3734 se
286 3671 541 3736 consonantium
561 3670 696 3750 gravius
716 3671 851 3750 accepit.
873 3670 957 3751 Ejus
976 3671 1068 3734 enim
1086 3676 1200 3751 postea
1219 3669 1349 3736 editum
1368 3694 1451 3752 opus

231 3774 320 3855 quod
337 3774 482 3857 Lycidas
500 3775 697 3840 inscribitur
719 3773 834 3856 (1637)
857 3775 1070 3842 intermixtos
1090 3781 1316 3861 extremorum
1336 3776 1452 3841 verbo·

234 3905 310 3967 rum
332 3879 456 3946 similes
479 3881 608 3946 sonitus
628 3881 774 3962 praebet,
797 3881 923 3962 illaque
943 3904 1027 3962 quae
1048 3881 1084 3946 in
1107 3881 1175 3946 suis
1197 3881 1239 3946 de
1259 3905 1295 3946 re
1316 3883 1452 3962 publiea

263 4062 289 4115 1.
311 4064 380 4122 Quae
394 4063 481 4114 fabula
495 4063 561 4114 eirca
575 4077 671 4114 annum
685 4063 761 4127 1631,Ι
772 4063 810 4114 101
824 4063 957 4114 16320010
971 4066 1018 4115 est.
1073 4036 1076 4044 ⁴

262 4153 288 4204 2.
308 4152 387 4203 Ambo
401 4151 596 4217 poematacirca
608 4166 703 4202 annum
717 4152 960 4204 163300111100000
974 4153 1160 4204 existimantur.

262 4240 289 4291 3.
310 4239 373 4292 Vide
385 4241 483 4304 Milton,
497 4241 589 4292 Comus
600 4239 685 4291 edited
700 4241 731 4308 by
746 4241 783 4293 Ol.
798 4241 880 4304 111101,
896 4242 963 4303 B.h.,
980 4240 1051 4306 1896,
1064 4256 1088 4306 p.
1102 4241 1147 4304 80;
1164 4245 1216 4292 tres
1230 4242 1450 4307 hypercatalectici

234 4329 321 4366 versus
334 4321 394 4367 sunt
405 4316 528 4379 continui,
541 4331 564 4368 1.
578 4315 680 4368 aso-52.
