3634 5152
746 328 921 394 ..63-

225 510 334 570 noque
353 511 496 554 asserere
513 487 615 553 liceat
632 488 780 569 primum
799 487 942 555 secundo
961 489 1015 554 vel
1035 488 1173 554 tertium
1193 493 1313 570 quarto
1332 489 1444 555 minus

225 594 345 660 valere.
364 593 490 659 Eadem
506 615 582 658 vero
599 593 666 658 dici
683 599 824 674 possunt
839 593 880 659 de
896 593 972 658 aliis
989 593 1184 674 hujusmodi
1201 594 1361 672 versibus,
1379 617 1445 675 quo

225 705 364 780 apparet
379 700 577 764 Miltonium
593 699 694 764 facile
709 700 785 780 plus
802 699 952 780 quinque
968 699 1057 763 tonis
1074 700 1166 780 epico
1183 700 1222 763 in
1236 704 1343 764 metro
1358 699 1443 764 acci·

225 829 313 888 pere,
333 805 513 870 dummodo
532 805 585 869 vel
604 804 742 886 syllabis
761 805 857 869 nullo
877 810 990 871 tenore
1010 805 1179 869 distinctis
1198 805 1251 870 vel
1271 804 1352 870 forti
1372 827 1443 870 cae·

221 934 298 975 sura
311 916 513 992 separentur.

265 1017 301 1080 Si
313 1039 391 1082 vcro
404 1021 587 1097 quaeratur
598 1037 664 1095 qua
677 1014 718 1078 de
731 1037 831 1079 causa
843 1020 936 1079 vates
949 1038 970 1078 a
982 1013 1081 1079 solita
1092 1036 1207 1078 versus
1220 1016 1273 1081 sui
1287 1015 1361 1094 lege
1374 1013 1440 1077 dis-

221 1121 327 1198 cedat,
348 1121 437 1202 quod
457 1128 586 1186 certum
606 1109 874 1203 respondendum
896 1122 939 1185 sit
959 1142 1028 1185 non
1047 1105 1239 1185 habeamus.
1263 1120 1442 1184 Miltonius

221 1233 335 1292 tamen
348 1235 457 1294 metro
470 1252 528 1294 sex
541 1229 630 1293 tonis
644 1227 803 1293 distincto
819 1227 892 1293 ideo
906 1227 1040 1293 videtur
1053 1228 1167 1291 favere
1182 1225 1270 1308 quod
1285 1228 1332 1292 sic
1347 1225 1442 1290 deca-

223 1333 390 1414 syllabum
411 1335 540 1399 variare
559 1338 678 1415 potest,
701 1356 762 1398 nec
782 1334 930 1398 multum
951 1356 1064 1399 versus
1086 1357 1107 1398 a
1128 1355 1246 1398 norma
1266 1332 1440 1414 discrepat,

210 1456 298 1504 'cum
330 1441 459 1521 caepim
491 1439 669 1504 dimidium
701 1441 819 1505 saltem
850 1439 1016 1504 scribatur
1045 1438 1257 1503 adamussim.
1290 1437 1441 1503 Fortasse

223 1568 353 1627 quoque
376 1547 467 1610 hunc
490 1547 732 1623 hexametrum,
757 1546 786 1611 si
808 1546 910 1610 liceat
933 1545 982 1608 ita
1006 1543 1124 1622 dicere,
1150 1542 1323 1609 condendo
1345 1549 1444 1625 poeta

223 1674 341 1715 verum
365 1651 520 1732 Spenseri
546 1652 698 1717 imitatus
724 1657 773 1716 est
799 1652 1031 1717 hexametrum
1057 1651 1116 1732 qui
1142 1656 1211 1715 tam
1237 1655 1315 1731 apte
1338 1651 1442 1731 hujus

224 1758 375 1839 strophas
399 1755 580 1824 concludit.
606 1757 724 1840 Neque
747 1758 837 1824 onim
861 1756 949 1838 apud
975 1757 1057 1822 alios
1081 1763 1173 1821 vates
1198 1761 1291 1820 sexto
1315 1756 1441 1821 decimo

224 1869 299 1943 post
319 1864 491 1928 Christum
512 1869 631 1930 natum
651 1865 781 1929 saeculo
801 1864 922 1929 similis
942 1887 1056 1928 versus
1078 1864 1215 1928 omnino
1237 1862 1351 1929 deestl
1373 1884 1442 1927 ma·

224 1970 340 2050 jorque
366 1975 521 2036 tonorum
547 1992 705 2048 numerus
731 1969 908 2051 pluresque
935 1992 1097 2048 caesurae,
1126 1975 1271 2033 metrum
1299 1968 1443 2049 amplifi-

225 2074 329 2139 cando
343 2075 492 2152 auribus,
507 2076 560 2139 illi
574 2077 762 2155 majestatis
777 2075 938 2157 quiddam
952 2099 990 2140 ac
1005 2097 1164 2139 canorum
1180 2072 1318 2138 addunt.
1336 2072 1445 2147 Quem

226 2204 302 2246 cum
314 2187 411 2262 poeta
423 2181 618 2264 plerumque
630 2183 673 2247 ad
686 2207 738 2248 res
754 2181 994 2248 enumerandas
1009 2181 1176 2259 adhibeat,
1192 2182 1343 2260 singulas
1356 2181 1444 2245 clare

226 2287 385 2368 exprimit
395 2294 429 2354 et
440 2289 616 2354 verborum
628 2290 793 2370 gravitate
805 2288 950 2369 quodam
962 2288 1059 2353 modo
1072 2289 1239 2368 legentem
1251 2293 1443 2352 commovet.

269 2393 449 2458 Miltonius
476 2395 591 2475 igitur,
620 2395 707 2476 quod
736 2394 777 2459 ad
804 2401 900 2460 tonos
928 2396 1060 2471 attinet,
1089 2394 1309 2458 remissiorem
1336 2396 1445 2474 legem

227 2499 387 2564 observat.
409 2498 598 2564 Dummodo
616 2501 706 2563 enim
726 2501 838 2581 epicus
857 2524 971 2565 versus
993 2501 1106 2566 decem
1125 2501 1270 2581 prolatas
1290 2504 1445 2564 numeret

228 2603 382 2684 syllabas,
410 2610 565 2669 accentus
592 2606 683 2669 varie
710 2605 880 2689 dispertiri
907 2611 1055 2686 possunt.
1085 2605 1207 2671 Rarius
1234 2627 1311 2668 vero
1338 2606 1444 2669 eonti-

227 2716 375 2775 nuantur
391 2709 458 2774 duo
473 2712 675 2790 pentametri
693 2733 835 2790 quorum
853 2711 1000 2791 syllabae
1017 2710 1159 2775 eundem
1177 2733 1310 2791 prorsus
1331 2732 1445 2774 accen·

229 2819 325 2879 tuum
346 2814 499 2879 ordinem
517 2816 653 2893 habent,
675 2839 751 2880 cum
771 2816 844 2880 toni
863 2837 955 2879 nunc
975 2817 1011 2878 in
1032 2816 1171 2904 alteram
1192 2835 1359 2895 quamque
1379 2814 1444 2895 syl·

209 2920 338 2984 -labam
358 2919 509 2984 incidant
529 2921 741 2997 examussim,
763 2942 852 2984 nunc
872 2921 908 2983 in
928 2921 1072 3001 primam
1091 2919 1190 2983 metri
1210 2919 1373 3000 syllabam
1393 2916 1446 2982 vel

229 3027 265 3088 in
281 3048 353 3091 eam
368 3049 454 3106 quac
468 3047 620 3091 caesurae
635 3027 788 3106 proxima
804 3026 992 3106 subjicitur,
1009 3047 1100 3090 nunc
1116 3048 1203 3104 vero,
1221 3026 1359 3090 mutatis
1375 3048 1446 3089 cae-

229 3134 324 3209 suris,
339 3132 409 3196 fere
422 3155 553 3196 omnem
567 3134 677 3197 locum
690 3139 803 3197 tenere
816 3134 954 3212 possint.
971 3132 1105 3212 Septem
1121 3131 1265 3213 denique
1278 3133 1331 3197 vel
1345 3132 1446 3196 etiam

229 3244 311 3316 octo,
328 3240 356 3303 si
370 3262 422 3303 res
437 3239 593 3320 postulet,
609 3259 850 3318 nonnunquam
866 3237 1027 3302 invenies.
1045 3237 1112 3301 Hic
1128 3239 1219 3301 enim
1235 3238 1375 3302 arbitrio
1390 3261 1447 3302 suo

229 3345 339 3409 verbis
359 3344 501 3425 imperat
522 3345 663 3425 scriptor
684 3345 779 3426 cujus
801 3367 876 3424 epos
898 3342 1041 3424 quodam
1062 3343 1161 3407 modo
1182 3344 1283 3408 silvae
1306 3345 1447 3423 speciem

229 3450 332 3515 refert
343 3451 403 3515 ubi
415 3450 545 3516 arbores
558 3449 611 3514 vel
624 3449 745 3514 densae
756 3455 1002 3531 componuntur
1014 3450 1067 3513 vel
1079 3471 1173 3512 rarae
1185 3455 1339 3513 crescunt
1350 3456 1449 3530 prout

229 3557 400 3620 uberrimo
416 3556 556 3620 aluntur
572 3556 641 3620 solo
657 3578 772 3633 necne,
789 3556 962 3636 succisque
979 3555 1079 3620 laetis
1094 3555 1304 3619 nutriuntur.

222 3853 224 3860 .
258 3810 285 3861 1.
307 3809 343 3860 ct.
355 3809 466 3861 tortasse
479 3810 506 3860 n.
520 3811 548 3860 Α.
562 3808 664 3872 lobon,
677 3821 716 3873 op.
730 3808 781 3869 cit,
796 3821 837 3872 pp.
854 3805 953 3859 aar-99.

716 4111 951 4128 Μ
