3644 5158
752 369 926 438 ..21-

233 533 375 599 dicimus
398 555 586 598 «numeros
607 533 657 598 rei
679 532 942 598 accommodatos
968 558 983 595 a
1007 539 1041 598 et
1063 534 1220 614 «justam
1244 533 1449 616 syllabarum

233 661 397 705 summam
423 664 439 701 1
462 662 501 703 ac
524 639 657 703 «verba
680 639 864 705 sententiae
887 638 1015 704 diverse
1041 639 1077 702 in
1102 644 1295 720 sequentem
1316 663 1450 705 versum

233 746 364 826 rejecta.
391 745 533 809 »Poeta
551 745 653 820 enim,
676 766 765 808 more
788 767 856 820 suo,
879 744 967 808 nihil
988 744 1138 808 versibus
1160 745 1333 810 concinnis
1356 750 1450 810 ante-
1576 800 1578 803 .

231 851 335 931 ponit.
350 849 481 914 Deinde
494 855 644 914 accurate
658 849 791 914 disserit
807 849 849 914 de
861 851 953 930 justo
966 848 1171 931 syllabarum
1184 872 1332 916 numero.
1348 851 1450 916 Colli·

233 979 309 1037 gere
327 957 434 1036 igitur
452 955 548 1020 nobis
567 952 647 1022 licet
665 955 861 1019 Miltonium
882 955 1025 1037 syllabas
1045 978 1158 1019 omnes
1177 954 1220 1021 ad
1239 979 1342 1021 unam
1362 979 1450 1021 com·

233 1061 354 1142 putari,
380 1067 413 1125 et
438 1060 641 1140 syllabarum
665 1061 843 1125 numerum
869 1082 998 1140 semper
1021 1065 1055 1125 et
1080 1083 1186 1141 usque
1210 1061 1274 1124 sibi
1299 1067 1452 1128 constare

232 1167 384 1233 valuisse.
410 1165 518 1239 Quem
543 1167 673 1230 variare
696 1188 799 1246 posse,
825 1188 868 1229 ne
893 1167 1000 1230 obiter
1025 1165 1160 1246 quidem
1186 1166 1302 1231 innuit
1328 1191 1335 1231 ε
1362 1167 1451 1248 quod

230 1278 344 1336 tamen
358 1273 386 1338 si
400 1271 604 1349 credidisset,
619 1261 656 1336 in
669 1271 861 1337 disserendo
875 1270 916 1336 de
929 1273 1075 1337 caesuris
1089 1272 1191 1338 variis
1206 1270 1328 1338 diserte
1342 1271 1417 1338 decl
1438 1311 1451 1324 ·

231 1379 379 1443 ravisset.

275 1485 436 1549 Cessurae
450 1488 572 1561 autem,
588 1489 628 1547 ut
643 1482 795 1548 Miltonii
811 1483 948 1564 quidem
961 1483 1030 1548 fert
1046 1485 1221 1563 sententia,
1240 1489 1379 1566 possunt
1395 1485 1450 1550 de-

232 1590 437 1671 casyllabum
455 1589 715 1670 aequabiliorem
731 1590 860 1654 variare
876 1589 1030 1653 feliciter.
1052 1589 1124 1654 Has
1142 1591 1233 1653 enim
1251 1589 1450 1670 diligentius

231 1696 441 1777 persequitur
451 1697 560 1761 verbis
575 1722 581 1760 :
597 1721 611 1756 c
629 1696 688 1760 the
702 1718 796 1760 sense
806 1696 975 1777 variously
988 1694 1101 1759 drawn
1114 1700 1172 1760 cut
1184 1697 1271 1760 from
1284 1718 1347 1760 one
1358 1720 1452 1778 verse

231 1804 304 1867 into
315 1801 464 1866 another.
482 1828 497 1863 ι
510 1800 716 1878 Quinetiam,
729 1807 770 1866 ut
781 1806 889 1881 putat,
904 1805 1054 1881 poemate
1068 1802 1118 1864 ita
1130 1801 1277 1882 dispares
1290 1802 1326 1865 in
1340 1809 1450 1882 partes

103 1959 107 1968 .
232 1909 340 1973 diviso
354 1908 540 1972 delectatur
555 1907 667 1982 lector,
685 1906 809 1971 nedum
825 1907 984 1971 dormitet
999 1907 1151 1971 versibus
1167 1930 1297 1988 semper
1312 1909 1401 1971 inter
1418 1931 1452 1988 se

232 2013 400 2078 similibus
417 2013 573 2106 defessus.
594 2012 703 2086 Quam
720 2013 916 2078 varietatem
935 2012 1094 2078 Miltonio
1112 2013 1211 2078 valde
1228 2014 1358 2093 placere
1375 2036 1450 2095 pro·

232 2121 315 2184 bant
338 2142 422 2199 quae
444 2118 590 2183 declarat
612 2120 683 2199 ipse
708 2143 714 2183 :
739 2120 853 2198 itaque
876 2125 909 2183 et
933 2141 1089 2183 versuum
1112 2118 1279 2184 clausulas
1303 2119 1393 2182 inter
1416 2143 1450 2198 se

232 2229 448 2290 consonantes
468 2247 592 2306 magna
609 2224 857 2304 vituperatione
875 2223 1091 2303 reprehendit
1110 2229 1144 2289 et
1164 2247 1315 2290 caesuras
1334 2248 1393 2289 suo
1414 2225 1450 2290 in

233 2355 329 2413 opere
347 2331 596 2396 accuratissima
613 2330 792 2410 diligentia
809 2328 967 2410 disponit.
989 2329 1135 2394 Heroico
1153 2331 1260 2410 igitur
1279 2331 1315 2394 in
1334 2335 1451 2412 penta-

232 2443 348 2515 metro,
375 2437 403 2500 si
426 2441 542 2516 poetae
564 2440 679 2500 nostro
701 2435 824 2513 credas,
849 2457 926 2500 cum
950 2436 1125 2500 immutari
1149 2437 1268 2516 nequit
1290 2458 1449 2526 numerus

234 2542 438 2624 syllabarum
457 2564 539 2624 quae
558 2541 785 2622 proferuntur,
806 2546 880 2605 tum
897 2541 1021 2606 variari
1039 2546 1177 2622 possunt
1197 2547 1231 2606 et
1249 2541 1368 2607 modus
1386 2565 1452 2622 quo

233 2650 344 2714 canori
363 2648 559 2713 efficiuntur
575 2670 689 2711 versus
708 2653 741 2712 et
760 2646 884 2711 callida
902 2669 1114 2711 caesurarum
1131 2645 1313 2712 collocatio.
1334 2644 1452 2712 Unum

233 2757 324 2820 enim
341 2754 477 2818 firmum
494 2755 531 2818 in
549 2777 585 2817 re
604 2754 743 2818 metrica
759 2758 851 2818 vates
870 2776 946 2817 cum
965 2752 1095 2818 duobus
1111 2751 1214 2817 variis
1231 2754 1349 2834 jungit
1365 2776 1451 2834 quae

232 2861 274 2927 ad
289 2862 435 2926 diversas
449 2860 692 2940 cogitationum
707 2859 795 2923 vices
811 2882 847 2923 se
860 2858 1110 2923 accommodant
1125 2859 1211 2922 sicut
1227 2863 1261 2922 et
1276 2860 1313 2923 in
1328 2841 1452 2938 magno

233 2967 382 3032 Miltonii
396 2970 547 3050 poemate
563 2965 697 3044 singula
711 2987 788 3029 cum
803 2964 907 3029 totius
924 2965 1031 3044 operis
1046 2964 1176 3028 ratione
1192 2969 1392 3045 congruunt.
1443 2949 1445 2953 ’

275 3072 406 3145 Quibus
423 3071 551 3152 positis,
569 3071 704 3136 facilius
722 3070 861 3135 fortasse
878 3069 1033 3150 intellegi
1050 3074 1161 3151 potest
1178 3093 1238 3135 cur
1255 3070 1327 3151 ipse
1343 3075 1450 3151 poeta,

234 3185 343 3259 spreta
360 3177 550 3258 aequalium
570 3177 819 3253 consuetudine,
839 3176 989 3240 versibus
1010 3175 1113 3240 simili
1135 3181 1361 3241 extremorum
1378 3199 1452 3240 ver-

234 3285 351 3349 borum
370 3284 482 3348 sonitu
499 3282 700 3359 carentibus,
719 3283 782 3346 etsi
800 3303 867 3346 non
886 3282 923 3344 in
942 3280 1123 3361 tragoedia,
1142 3304 1225 3346 usus
1242 3281 1295 3345 sit.
1314 3279 1453 3361 Exque

231 3395 395 3471 tempore,
411 3389 501 3454 circa
519 3410 646 3452 annum
665 3392 740 3466 post
760 3385 932 3451 Christum
953 3391 1071 3450 natum
1093 3386 1186 3464 1640,
1208 3386 1350 3464 longum
1369 3406 1452 3464 opus

235 3497 375 3561 scribere
398 3493 527 3568 statuit,
550 3495 680 3560 censuit
701 3491 866 3559 clausulas
888 3515 1043 3558 versuum
1067 3493 1156 3555 inter
1177 3515 1212 3556 se
1233 3496 1453 3556 consonantes

234 3601 423 3667 fastidiosas
440 3623 510 3665 esse
526 3625 532 3664 :
551 3623 632 3680 quas
647 3598 800 3680 neglexit
815 3599 895 3680 quia
910 3604 944 3664 et
961 3600 1029 3679 ipse
1048 3620 1101 3663 res
1117 3602 1273 3678 expertus
1289 3596 1453 3664 didicerat

235 3713 268 3772 et
282 3708 407 3788 priores
422 3708 550 3786 legerat
564 3709 688 3788 poetas.
705 3706 728 3769 J
729 3728 783 3770 am
799 3704 878 3769 iude
893 3705 936 3768 ab
950 3725 1039 3768 anno
1054 3707 1129 3784 post
1144 3702 1317 3768 Christum
1332 3707 1452 3768 natum

235 3814 329 3892 1634,
351 3835 428 3878 cum
446 3811 596 3876 fabulam
617 3835 702 3891 quae
721 3810 918 3876 inscribitur
936 3809 1056 3874 Comus
1077 3809 1218 3886 doceret,
1238 3830 1452 3889 novumme·

234 3924 325 3984 trum
337 3918 523 3999 usurpavit,
539 3918 695 3982 libertate
707 3917 776 3998 jam
792 3916 980 3996 praeditum
996 3937 1063 3995 qua
1076 3915 1184 3995 major
1196 3936 1265 3978 non
1280 3913 1453 3980 invenitur

235 4025 271 4087 in
290 4050 304 4085 «
322 4022 481 4089 Paradiso
497 4022 639 4086 Amisso.
665 4047 680 4084 »
698 4021 753 4085 Ad
770 4021 832 4086 hcc
851 4020 986 4101 quidem
1003 4043 1110 4100 genus
1127 4042 1241 4085 versus
1258 4018 1451 4106 eligendum

234 4129 376 4195 adduxit
397 4129 594 4194 Miltonium
616 4128 710 4208 prius
733 4125 822 4206 quod
842 4127 1084 4192 informaverat
1107 4124 1215 4208 operis
1238 4125 1416 4190 consilium
1444 4147 1451 4188 :

235 4258 313 4300 nam
329 4235 554 4301 destinaverat
571 4258 648 4300 cum
662 4233 810 4316 primum
820 4233 976 4318 ‚fabulam
994 4255 1129 4308 sacram,
1147 4236 1221 4296 tum
1239 4227 1360 4295 deinde
1376 4251 1452 4310 epos

236 4341 505 4408 suumcondere.
530 4341 615 4423 Ejus
637 4341 726 4406 enim
751 4343 920 4420 cognatus,
945 4337 1145 4403 Edmundus
1167 4335 1315 4417 Phillips
1337 4337 1453 4398 narrat
1541 4378 1547 4390 ·
