3634 5152
764 393 938 458 ..45-

187 587 194 602 ·
244 552 369 633 ubique
388 552 479 635 typis
499 551 666 618 natavisse
685 552 722 616 in
743 551 870 616 edendo
888 556 1039 633 poemate
1059 549 1148 632 quod
1169 549 1327 615 Davideis
1349 551 1464 615 inscri-

244 659 338 726 bitur
350 657 405 738 (cf.
419 658 589 737 t’cncltain,
603 658 704 722 t'lave
717 680 787 722 scca
800 659 837 722 in
849 659 958 738 primo
970 659 1079 738 operis
1092 656 1191 735 libro)
1206 682 1213 722 :
1228 656 1316 722 idem
1330 656 1464 720 fecisset

243 765 422 831 Miltonius
438 764 544 847 (haud
556 787 649 830 secus
662 788 699 829 ac
710 765 801 846 typis
813 770 908 830 notat
918 763 1095 828 elisionem
1106 763 1198 827 vocis
1211 763 1287 843 the)
1300 764 1463 828 11101111-

244 877 292 937 set
308 883 341 935 to
356 870 447 935 elidi.
464 871 565 935 Patet
579 873 687 951 igitur
700 877 834 954 poetam
849 877 1001 936 nostrum
1017 893 1261 951 nonnunquam
1277 871 1366 933 nolle
1383 869 1464 933 elidi

244 976 445 1056 vocabulum
468 986 509 1054 to,
534 976 590 1042 sed
613 977 715 1041 malle
741 975 891 1042 abscindi
916 978 1061 1057 primam
1085 977 1252 1057 sequentis
1275 974 1370 1040 verbi
1395 974 1462 1056 syl-

244 1082 365 1161 labam,
387 1086 436 1148 ita
454 1089 493 1148 ut
510 1083 749 1164 proferendum
769 1086 814 1151 sit
831 1083 908 1147 to’ve
927 1106 986 1163 pro
1006 1093 1037 1145 to
1056 1082 1133 1146 bave
1154 1082 1205 1160 (P.
1226 1081 1264 1145 L.
1284 1081 1328 1158 X,
1348 1082 1411 1145 594
1430 1085 1464 1144 et

242 1190 382 1270 passim)
394 1211 593 1270 —quocum
605 1190 721 1254 confer
730 1212 828 1254 usum
840 1189 1046 1254 familiarem
1059 1211 1124 1270 quo
1136 1187 1234 1252 we'oe
1247 1211 1307 1270 pro
1319 1211 1366 1251 we
1380 1187 1463 1250 have

245 1294 370 1360 dicitur
387 1334 433 1343 -
452 1317 489 1360 ac
510 1317 590 1360 sane
608 1294 755 1359 virtae'tb
777 1295 828 1374 (P.
851 1295 889 1360 L.
912 1295 955 1372 X,
980 1293 1055 1372 372)
1077 1317 1136 1375 pro
1157 1295 1258 1357 sirloc
1279 1293 1367 1357 lael.
1391 1293 1462 1356 Hos

244 1402 421 1467 verborum
443 1403 549 1466 coitus
571 1402 667 1467 nulla
687 1407 768 1466 nota
788 1402 967 1467 Miltonius
988 1401 1156 1465 distinxit.
1180 1400 1375 1465 Δ111011110
1396 1422 1463 1463 non

242 1507 362 1573 dubios
376 1532 447 1573 esse
461 1509 550 1585 sivit,
566 1531 644 1573 cum
658 1508 798 1572 fortasse
814 1509 969 1589 aequales
986 1531 1060 1572 suos
1076 1508 1117 1572 iis
1133 1506 1245 1572 minus
1261 1506 1464 1570 assuefactos

244 1637 312 1678 esse
327 1613 482 1679 crederet.
499 1615 593 1679 Tunc
609 1616 699 1679 enim
714 1615 814 1678 verba
829 1638 889 1681 sua
904 1614 1017 1681 sedulo
1033 1612 1208 1679 scribenda
1223 1613 1370 1690 curabat,
1388 1636 1464 1677 cum

243 1717 358 1785 littera
376 1718 549 1800 quaedam,
569 1720 675 1784 veteri
694 1719 846 1800 anglicae
864 1720 1002 1800 linguae
1019 1720 1096 1784 usui
1116 1720 1362 1795 convenienter,
1386 1724 1463 1782 ante

245 1829 483 1887 consonantem
507 1824 756 1889 abscinderetur
780 1826 833 1890 vel
858 1848 934 1890 cum
959 1825 1098 1888 ineunte
1122 1829 1326 1889 consonante
1349 1823 1460 1888 coiret.

243 1928 340 2002 Quod
351 1951 593 2010 nonnunquam
606 1931 661 1998 sed
673 1933 780 1996 rarius
793 1929 1038 1995 animadvertes
1050 1953 1126 1994 cum
1140 1930 1241 1995 verbo
1251 1940 1283 1993 lo
1295 1929 1349 1993 oui
1362 1929 1464 1992 whom

245 2035 425 2115 subjicitur
436 2034 525 2114 (vide
537 2035 663 2100 t’wltom
674 2038 710 2100 in
723 2038 942 2116 pentametris
954 2036 991 2100 P.
1005 2036 1043 2100 L.
1057 2036 1107 2112 ΙΙ,
1121 2033 1194 2112 746,
1208 2036 1289 2112 968;
1304 2034 1365 2111 VI,
1380 2034 1461 2111 8143

244 2139 308 2219 XI,
325 2140 401 2218 453)
422 2147 548 2206 etcum
565 2142 705 2222 antiquo
721 2143 897 2206 verborum
913 2143 951 2205 ia
967 2141 1017 2204 tlte
1035 2143 1125 2206 coitu
1142 2141 1202 2223 qui
1218 2140 1286 2203 l'th’
1306 2139 1465 2204 scribitur

246 2245 309 2324 (ex.
331 2270 381 2326 gr.
403 2246 440 2310 P.
463 2247 500 2319 L,
523 2246 552 2324 I,
573 2248 654 2324 2243
677 2247 741 2324 XI,
762 2247 839 2327 432)
860 2270 898 2312 ac
918 2247 1060 2328 proferri
1082 2247 1180 2311 debet
1190 2248 1212 2311 1.
1236 2246 1328 2311 Haeo
1349 2252 1462 2310 tamen

244 2352 397 2432 exempla
412 2353 594 2419 ostendunt
609 2357 643 2418 et
659 2353 856 2417 Miltonium
872 2353 991 2434 prioris
1011 2354 1201 2417 litterarum
1218 2352 1349 2418 scholae
1365 2353 1463 2416 disci-

243 2457 372 2539 plinam
384 2459 533 2538 profiteri
547 2464 581 2522 et
594 2456 683 2536 (cum
696 2464 767 2522 tam
779 2481 885 2539 pauca
898 2457 978 2536 sint)
992 2481 1062 2523 rem
1076 2460 1250 2523 metricam
1262 2458 1462 2539 Anglorum,

244 2563 331 2643 quod
345 2563 387 2628 ad
401 2569 626 2644 pentametros
639 2563 743 2628 simili
758 2570 982 2630 extremorum
998 2565 1173 2628 verborum
1189 2565 1300 2629 sonitu
1316 2569 1463 2628 carentes

246 2669 378 2745 attinet,
397 2669 434 2732 in
453 2669 554 2751 epicis
572 2670 733 2749 poematis
753 2671 920 2749 integram
938 2670 1133 2734 restituisse.

289 2786 425 2867 Semper
444 2788 544 2864 enim,
563 2792 604 2851 ut
623 2812 639 2852 e
660 2811 759 2868 supra
779 2787 878 2851 dictis
897 2793 999 2868 patet,
1019 2789 1091 2868 ejus
1112 2788 1198 2868 epici
1217 2811 1330 2852 versus
1351 2787 1464 2851 decem

245 2892 462 2973 proferendas
487 2893 630 2974 syllabas
655 2898 842 2957 numerant.
870 2893 906 2957 Si
931 2893 989 2972 qui
1014 2893 1181 2972 longiores
1205 2893 1395 2971 videantur,
1422 2894 1463 2957 iis

244 2998 298 3063 vel
314 3003 391 3068 ante
407 3021 575 3063 caesuram
590 2999 643 3062 vel
661 2999 696 3062 in
711 2999 779 3062 fine
794 2999 892 3062 metri
911 2999 1040 3079 syllaba
1054 2999 1255 3080 adjungitur
1270 3022 1370 3080 quam
1385 3001 1465 3064 licet

246 3105 282 3168 in
303 3126 441 3168 numero
461 3125 529 3167 non
550 3103 666 3184 reponi
687 3103 822 3185 (quibus
841 3127 919 3168 vero
938 3127 1057 3184 parum
1077 3111 1175 3186 poeta
1194 3105 1326 3185 utitur),
1348 3107 1403 3170 111
1424 3107 1464 3169 fit

245 3211 339 3274 verbi
360 3211 475 3288 coitus,
499 3211 553 3274 111
574 3209 721 3290 syllabae
742 3210 903 3291 quaedam
926 3210 1124 3289 coalescunt,
1145 3213 1199 3276 vel
1221 3213 1306 3276 aliae
1327 3213 1463 3278 elisione

245 3315 490 3381 abscinduntur
502 3320 525 3378 ².
544 3314 711 3378 Nonnulli
732 3311 857 3395 contra,
879 3339 931 3382 ex.
953 3339 1001 3396 gr.
1029 3342 1035 3381 ι
1059 3345 1074 3378 ι
1099 3318 1146 3381 To
1167 3318 1276 3382 whom
1296 3317 1376 3381 thus
1398 3318 1463 3380 Mi-

244 3421 845 3485 01111ε-Β1111111011111111111»
868 3422 921 3504 (P.
937 3424 975 3487 L.
992 3424 1056 3501 XI,
1070 3424 1150 3503 466)
1167 3423 1334 3488 breviores
1349 3423 1464 3486 existi-

242 3535 390 3613 mantur,
404 3529 485 3626 quia
497 3529 556 3593 1110
568 3534 718 3610 tempore
731 3529 932 3594 vocabulum
947 3530 1087 3594 diaeresi
1101 3529 1352 3596 extendebatur.
1369 3529 1465 3603 Quod

273 3735 299 3784 1.
321 3734 356 3785 el.
371 3735 470 3797 lbbott,
484 3749 522 3799 op.
535 3736 585 3795 cit,
598 3749 621 3799 p.
632 3736 687 3788 345.
701 3741 728 3788 et
743 3738 873 3801 Schipper‚
888 3751 927 3801 op.
941 3739 994 3797 cit,
1006 3739 1036 3797 ll,
1051 3738 1462 3802 1111,110111111110111111

243 3811 323 3859 illaad
339 3813 365 3860 et
378 3811 539 3874 1111111111,
555 3810 650 3861 omissa
665 3811 750 3863 littera
762 3827 787 3875 a,
800 3812 900 3876 anglica
912 3812 994 3862 mouth
1006 3818 1031 3863 et
1045 3813 1116 3863 other
1132 3813 1198 3864 iacta
1210 3818 1277 3865 sunt.

273 3899 300 3950 2.
321 3898 357 3948 cl.
371 3899 437 3964 quod
451 3897 561 3948 eximius
574 3903 649 3963 pocta
661 3900 764 3964 Cowper
774 3900 806 3950 ad
818 3901 927 3950 amioum
939 3903 998 3951 Rev.
1009 3903 1104 3952 Walter
1116 3903 1196 3966 Bagot
1206 3903 1232 3952 in
1245 3903 1338 3954 litteris
1351 3904 1387 3966 (31
1397 3908 1461 3968 hug.

242 3973 313 4035 1786)
330 3974 438 4024 scribit:
453 3991 496 4023 o...
511 3975 561 4024 The
576 3975 822 4040 unaoquaiotedncss
837 3976 862 4025 oi
878 3977 980 4028 modern
996 3991 1053 4027 ears
1066 3978 1127 4028 with
1144 3981 1186 4028 the
1201 3979 1285 4029 divine
1303 3982 1425 4045 harmony
1436 3980 1461 4030 ol

242 4049 352 4099 Milton’s
365 4050 486 4100 numbers
498 4051 548 4099 and
563 4051 604 4099 the
617 4050 752 4114 principles
765 4065 830 4114 upon
846 4052 927 4101 which
943 4054 973 4102 he
985 4055 1144 4103 constructed
1162 4056 1238 4115 them,
1255 4055 1276 4104 is
1292 4055 1333 4104 the
1347 4069 1422 4105 cause
1437 4056 1462 4106 ol

242 4125 283 4174 the
296 4125 397 4190 quarrel
408 4126 463 4176 that
477 4126 536 4189 they
549 4128 610 4176 have
620 4127 681 4176 with
695 4126 800 4176 elisioos
812 4127 837 4175 in
855 4127 930 4176 blank
940 4141 1022 4180 verse.
1034 4165 1055 4177 ..
1073 4129 1101 4179 ln
1117 4129 1176 4179 vain
1189 4130 1278 4178 should
1292 4143 1341 4193 you
1352 4132 1402 4180 orl
1417 4132 1461 4180 tell

241 4201 321 4250 them.
332 4237 353 4250 ..
371 4202 425 4250 that
437 4200 475 4250 lor
487 4200 539 4250 this
553 4201 661 4264 majesty
675 4201 697 4250 it
713 4201 736 4262 li.
751 4215 771 4250 e.
788 4201 827 4251 his
839 4208 931 4264 verse),
947 4201 970 4252 is
983 4203 1081 4267 greatly
1092 4204 1211 4254 indebled
1227 4210 1251 4254 to
1264 4207 1334 4254 those
1345 4205 1459 4256 elisions.

241 4274 270 4324 ln
285 4273 351 4325 their
367 4288 425 4325 ears
438 4276 497 4340 they
510 4290 553 4326 are
564 4275 665 4326 discord
680 4277 730 4325 and
744 4277 909 4341 dissonaoce3
927 4279 985 4342 they
999 4278 1119 4342 lengthen
1135 4281 1176 4329 the
1192 4279 1243 4329 line
1257 4280 1354 4345 beyond
1363 4280 1397 4331 its
1409 4281 1458 4332 due

238 4348 365 4400 limite...
386 4365 401 4400 1
