3634 5152
617 815 774 896 CAPUT
804 815 1068 895 SECUNDUM

324 1136 372 1200 ,DE
400 1134 504 1186 VERSU
529 1131 767 1186 DECASYLLABO
794 1132 884 1184 APUD
911 1130 1041 1184 auctos
1068 1131 1152 1183 adra
1179 1131 1363 1184 MILTOUIUM

278 1442 353 1507 Etsi
377 1442 562 1522 incipiente
587 1441 856 1522 quartodecimo
882 1445 957 1520 post
982 1440 1154 1504 Christum
1178 1445 1298 1504 natum
1323 1438 1454 1504 saeculo

234 1551 373 1629 scriptos
408 1571 522 1612 versus
558 1546 784 1628 decasyllabcs
820 1547 951 1610 invenis
987 1546 1024 1609 in
1059 1546 1265 1609 carminibus
1302 1567 1322 1608 a
1357 1544 1453 1608 docto

234 1656 307 1719 viro
326 1655 357 1718 J.
381 1638 542 1735 Schipper
562 1654 832 1734 circumspectis1
854 1677 915 1735 pro
935 1659 1025 1718 certo
1044 1653 1187 1717 habetur
1209 1652 1452 1716 Gothofredum

234 1761 384 1826 Chaucer
399 1762 546 1842 primum
565 1758 783 1840 decasyllabis
800 1761 836 1823 in
854 1765 1005 1839 poemate
1024 1760 1126 1839 longo
1141 1782 1241 1823 usum
1257 1781 1325 1824 esse
1344 1783 1350 1822 :
1370 1781 1452 1838 opus

233 1869 324 1932 enim
339 1890 437 1932 suum
452 1865 539 1948 quod
555 1866 751 1931 inscribitur
766 1865 836 1929 The
853 1865 1070 1946 Compleynte
1086 1871 1122 1930 to
1137 1865 1230 1928 Pitee
1247 1866 1335 1930 circa
1349 1887 1452 1929 annos

233 1971 373 2037 lero-72
390 1971 550 2037 condidit.
569 1971 642 2045 Quo
660 1973 696 2035 in
713 1977 866 2052 poemate
884 1976 1029 2035 metrum
1047 1994 1066 2034 a
1084 1970 1183 2036 Gallo
1201 1969 1395 2050 Guglielmo
1413 1968 1454 2033 de

233 2078 408 2143 Maohault
418 2080 442 2156 ²,
465 2084 504 2143 ut
525 2079 652 2143 criticis
672 2078 816 2154 videtur,
839 2083 1014 2143 mutuatus
1035 2100 1186 2142 caesuras
1209 2079 1317 2142 varias
1339 2078 1451 2141 minus

233 2209 334 2266 quam
355 2191 471 2266 postea
494 2184 660 2249 adhibuit.
684 2184 846 2249 Attamen
870 2186 907 2249 in
932 2185 1036 2248 Italia
1058 2185 1155 2248 annis
1179 2189 1254 2264 post
1278 2184 1451 2248 Christum

153 2327 155 2334 v
231 2297 349 2357 natum
368 2289 509 2356 1372-73
528 2313 566 2356 ac
584 2291 778 2370 praesertim
797 2288 940 2356 1378-79
958 2290 1200 2370 peregrinatus,
1220 2313 1298 2356 cum
1315 2290 1451 2371 legisset

233 2398 353 2467 Dantis
371 2421 448 2478 epos
465 2398 679 2479 carminaque
697 2397 719 2460 J
720 2396 838 2461 cannis
857 2396 1036 2461 Boccaccio
1054 2403 1088 2462 et
1107 2395 1278 2460 Francisci
1295 2397 1452 2461 Petra-rea

231 2526 330 2584 quem
343 2525 432 2568 anno
444 2500 527 2567 1373
540 2503 681 2567 fortasse
693 2503 781 2584 apud
796 2503 974 2568 Patavium
988 2503 1154 2580 convenit,
1170 2502 1302 2567 nullum
1318 2502 1452 2582 scripsit

231 2615 360 2690 praeter
383 2609 555 2674 heroicum
573 2631 707 2673 versum
718 2609 742 2686 ³,
765 2609 801 2672 in
825 2632 892 2690 quo
912 2609 1061 2673 italicam
1083 2608 1275 2672 libertatem
1296 2609 1449 2674 imitatus

231 2721 289 2780 est.
311 2715 378 2790 Qui
397 2738 522 2792 versus,
542 2716 570 2779 si
590 2720 727 2795 experto
748 2715 854 2779 credis
875 2715 945 2778 Ten
966 2714 1082 2791 Brinlr,
1103 2714 1217 2778 decem
1239 2737 1369 2795 semper
1389 2739 1451 2780 nu-

232 2828 337 2886 merat
360 2820 514 2903 syllabas,
538 2845 614 2886 cum
637 2823 673 2885 in
695 2821 853 2886 ultimam
876 2828 976 2886 tonus
998 2821 1128 2898 incidit,
1152 2822 1206 2886 vel
1229 2821 1395 2898 undecim,
1421 2823 1449 2886 si

230 2934 306 3008 post
318 2935 437 2993 tonum
453 2928 584 3009 syllaba
598 2927 759 3008 adjicitur
775 2949 861 3008 quae
876 2933 1025 2990 tenorem
1042 2950 1109 2991 non
1125 2927 1236 3004 habet,
1254 2950 1362 3009 neque
1379 2927 1449 3008 ipse

230 3034 299 3098 Ten
313 3034 422 3098 Brink
436 3036 476 3100 iis
490 3035 673 3100 assentitur
685 3036 743 3116 qui
757 3035 811 3099 vel
825 3034 987 3116 syllabam
1002 3040 1116 3100 tenore
1129 3040 1295 3100 carentem
1310 3036 1448 3100 ineunte

231 3145 336 3206 metro
355 3141 466 3206 omitti
485 3164 579 3223 posse
597 3127 742 3222 fingunt,
761 3142 815 3205 vel
834 3140 923 3206 duas
936 3141 1038 3222 hujus
1056 3142 1187 3221 generis
1207 3141 1352 3224 syllabas
1371 3166 1449 3208 cum

232 3247 360 3328 syllaba
379 3252 499 3312 tonum
518 3248 663 3311 habente
683 3248 720 3312 in
741 3269 849 3312 unum
868 3247 987 3327 pedem
1008 3247 1187 3325 introduci,
1209 3250 1262 3314 vel
1285 3248 1449 3330 syllabam

230 3352 318 3433 apud
335 3353 542 3417 Chaucorum
558 3353 704 3418 inveniri
720 3375 829 3432 quam,
847 3375 924 3420 cum
940 3358 1019 3418 ante
1034 3376 1202 3418 caesuram
1218 3359 1333 3418 tenore
1348 3361 1447 3432 caret,

230 3455 265 3517 in
282 3476 459 3518 numerum
477 3476 543 3518 non
559 3454 682 3518 referas
692 3458 716 3518 ⁴.
733 3455 808 3520 Etsi
823 3479 953 3536 quoque
971 3461 1068 3536 poeta
1083 3477 1174 3520 nunc
1191 3479 1340 3522 caesuras
1357 3479 1447 3522 more

257 3635 284 3686 1.
305 3634 368 3687 Vide
384 3649 447 3702 opus
464 3638 530 3699 quod
547 3635 696 3688 inscribitur
713 3636 848 3702 Englische
863 3637 962 3700 Metrik,
982 3640 1041 3699 eta,
1061 3651 1107 3688 von
1128 3637 1158 3688 Dr
1176 3639 1201 3688 d.
1219 3638 1348 3703 Schippsr,
1365 3641 1445 3706 Bono,

225 3711 296 3839 Q,
310 3713 454 3853 iilil'issiid
469 3712 568 3775 lae-42,
584 3715 609 3762 et
627 3713 659 3764 cl.
675 3714 775 3764 doctum
791 3714 841 3764 Ten
858 3713 936 3764 Brink
952 3713 1093 3776 (Chaucer's
1110 3713 1219 3778 Sprache
1231 3716 1283 3766 und
1296 3717 1445 3783 Verskunst,

256 3887 282 3936 2.
303 3887 395 3938 Doctus
412 3886 451 3937 vir
465 3886 605 3938 Alexander
621 3885 733 3952 Beljame
748 3887 779 3937 de
795 3901 869 3938 versu
887 3887 982 3938 dliredi
1000 3890 1131 3956 Tennyson
1148 3891 1278 3944 disserens
1296 3893 1356 3944 haec
1370 3893 1446 3944 rerba

227 3961 336 4012 scribit:
353 3978 365 4011 u
384 3963 417 4014 Ge
431 3977 488 4014 vers
506 3962 572 4013 n'est
590 3977 635 4027 pas
651 3965 724 4014 autre
740 3963 815 4014 chose
833 3977 882 4028 que
899 3968 970 4015 notre
989 3978 1045 4015 vers
1065 3966 1174 4027 franceis
1189 3969 1220 4020 de
1238 3967 1280 4019 dix
1300 3968 1418 4036 syllabas.
1432 3985 1444 4018 s

227 4037 320 4102 [Enoch
332 4038 423 4101 Arden,
437 4038 519 4101 Paris,
535 4039 664 4101 Haohette,
679 4038 750 4102 1898,
762 4053 788 4104 p.
805 4039 856 4106 Ui]

256 4135 283 4185 3.
303 4135 389 4200 Excipi
400 4150 459 4188 raro
474 4136 565 4187 debent
581 4140 697 4202 poemata
712 4151 775 4203 quae
789 4138 964 4190 inscribuntur
977 4139 1027 4190 The
1037 4141 1103 4191 Heus
1115 4142 1142 4207 os
1152 4143 1222 4192 Fame
1233 4146 1259 4193 et
1273 4142 1330 4194 Sira
1349 4142 1444 4208 Tbopas

229 4210 321 4275 quibus
333 4210 360 4261 in
375 4211 516 4263 scribendis
529 4213 691 4278 octosyllabis
706 4212 823 4265 versibus
840 4230 901 4266 usus
919 4219 967 4266 est.

256 4309 282 4359 4.
304 4309 355 4360 Ten
370 4309 456 4374 Brinlr,
472 4324 510 4376 op.
525 4311 578 4374 cit,
592 4325 632 4376 pp.
648 4311 746 4364 175-77.
