3634 5152
655 455 660 466 ,
752 379 928 446 uae-

233 539 437 622 Recuperati
453 541 536 606 citat
554 565 561 602 :
580 566 594 600 u
613 538 684 603 The
699 562 761 604 one
775 538 937 618 winding,
952 538 1010 603 the
1026 538 1120 603 other
1136 538 1290 619 straight,
1307 539 1373 603 and
1388 539 1452 603 leit

232 648 381 712 between
396 645 474 726 »(P.
487 647 527 711 R.
540 646 609 724 ΙΙΙ,
620 646 697 726 256)
709 646 768 711 ubi
780 647 890 727 prima
901 646 1004 712 editio
1015 671 1030 707 1
1043 645 1158 710 th'one
1173 651 1234 712 »et
1246 671 1260 707 r
1274 646 1422 711 th'other
1435 673 1451 708 s

232 754 362 830 scribit.
377 777 442 834 quo
458 758 669 834 pentameter
684 752 914 834 decasyllabus
930 753 978 817 fit.
996 754 1092 818 Licet
1108 754 1217 833 igitur
1232 759 1266 817 et
1282 753 1365 817 alibi
1385 752 1451 835 (ex.

234 884 282 940 gr.
301 859 340 924 P.
358 859 398 923 L.
416 859 517 937 VIII,
536 859 621 936 216;
639 858 702 937 IX,
722 860 785 924 249
796 881 804 936 3
824 859 861 925 P.
882 858 923 924 R.
944 859 974 936 Ι,
993 859 1075 936 302;
1095 859 1164 936 ΙΙΙ,
1184 857 1261 938 243)
1279 855 1339 924 uti
1351 859 1451 940 sylla·

233 967 351 1031 barum
369 966 460 1031 coitu
477 972 516 1030 ut
534 969 569 1030 in
586 966 655 1030 fine
671 965 770 1030 metri
788 963 937 1046 sati(c)ty,
957 963 1106 1046 roci(c)ty‚
1125 963 1326 1045 coaptate,
1343 964 1452 1029 coad-

231 1070 424 1151 aerumnose
438 1073 580 1152 legatur.
597 1070 719 1136 Omnes
732 1095 811 1136 vero
825 1071 977 1135 Miltonii
992 1073 1029 1136 in
1045 1072 1148 1153 epicis
1162 1073 1323 1153 poematis
1338 1096 1453 1137 versus

233 1180 347 1245 eodem
371 1180 468 1244 modo
493 1180 535 1244 ad
559 1178 784 1260 decasyllabos
807 1178 921 1243 reduci
944 1183 1084 1259 possunt
1106 1184 1147 1248 ut
1169 1179 1304 1244 videtur
1326 1181 1452 1261 viginti

231 1286 349 1366 primis
363 1285 405 1350 ab
419 1284 597 1350 undecimo
611 1284 764 1349 Paradisi
778 1285 905 1350 Amissi
921 1286 1085 1366 excerptis
1099 1285 1249 1349 versibus
1265 1283 1323 1366 qui
1339 1285 1452 1350 decem

126 1385 131 1392 ’
233 1397 366 1457 tantum
390 1391 535 1473 syllabas
560 1391 688 1472 singuli
711 1391 847 1468 habent,
873 1390 1053 1455 dummodo
1076 1390 1312 1455 consuetudini
1335 1396 1452 1472 poetae

231 1503 454 1580 congruenter
471 1496 605 1574 10111111,
622 1495 793 1577 repco'rote
808 1495 925 1575 Spir’t,
942 1502 976 1559 et
991 1495 1162 1560 tt'aocc‘eot
1177 1497 1336 1576 proferas.
1355 1496 1452 1559 Idem

233 1623 363 1680 quoque
383 1605 512 1665 constat
532 1599 573 1664 de
591 1599 809 1680 pentametris
831 1598 881 1678 (P.
904 1598 942 1662 L.
963 1599 992 1676 I,
1015 1596 1097 1675 7333
1119 1598 1167 1677 II,
1188 1598 1275 1678 851),
1297 1600 1356 1680 qui
1376 1623 1450 1680 per-

230 1730 345 1786 peram
362 1706 633 1787 duodecasyllabi
651 1706 891 1770 existimantur
907 1711 1007 1785 atque
1025 1707 1127 1770 etiam
1146 1704 1186 1769 de
1203 1705 1266 1770 hoc
1288 1730 1294 1769 :
1316 1732 1330 1766 u
1354 1705 1451 1770 Some

229 1812 425 1893 wandering
438 1813 544 1893 Spirit
556 1813 591 1877 of
602 1814 743 1877 Heaven
754 1812 799 1893 by
809 1811 1083 1876 fountain-side»
1103 1810 1156 1893 (P.
1171 1813 1208 1876 L.
1222 1812 1284 1888 IV,
1298 1810 1376 1891 531)
1391 1811 1451 1875 ubi

232 1942 308 1984 oum
325 1920 562 1984 recentissimis
578 1919 620 1985 de
636 1944 671 1984 re
688 1921 828 1984 metrica
844 1919 1058 2000 scriptoribus
1076 1918 1236 1984 tredecim
1253 1919 1396 2001 syllabas
1414 1943 1451 1984 ao

232 2033 299 2092 tres
317 2026 416 2108 pedes
435 2026 627 2107 trisyllabos
646 2027 813 2091 invenires
831 2028 898 2092 nisi
915 2027 1077 2107 quasdam
1096 2027 1240 2108 syllabas
1259 2049 1352 2091 more
1370 2027 1450 2091 Mil-

231 2129 316 2193 tonii
330 2130 417 2194 00116
431 2130 467 2192 in
481 2151 584 2193 unam
597 2135 685 2194 recte
698 2129 831 2193 diceres.
847 2128 942 2201 Quod
959 2129 987 2193 si
1002 2129 1129 2193 variam
1142 2127 1203 2192 1110
1217 2135 1366 2210 tempore
1378 2151 1451 2194 ver-

228 2235 347 2298 borum
359 2235 583 2316 prolationem
596 2235 737 2311 notabis,
750 2235 852 2298 facile
867 2240 1002 2300 cunctos
1015 2236 1102 2300 vatis
1114 2257 1229 2300 versus
1241 2234 1284 2299 ad
1296 2256 1450 2299 normam

231 2340 375 2405 absoluti
392 2341 594 2423 decasyllabi
610 2342 749 2422 rediges,
767 2347 876 2422 atque,
894 2365 945 2407 ex.
964 2365 1012 2422 gr.
1032 2343 1134 2406 etiam
1150 2343 1279 2406 iambos
1294 2342 1450 2408 restitues

234 2448 296 2510 hoc
316 2447 353 2510 in
372 2467 470 2511 versu
491 2471 498 2510 ε
523 2472 537 2508 u
564 2447 665 2511 With
685 2447 781 2528 rapid
801 2447 932 2525 wheels,
954 2471 991 2513 or
1011 2447 1145 2513 fronted
1166 2447 1301 2529 brigads
1322 2448 1408 2512 form
1434 2474 1449 2509 ι

230 2553 268 2618 Ρ.
284 2554 322 2617 L.
339 2552 387 2630 ΙΙ,
404 2552 479 2632 532)
494 2553 554 2617 ubi
569 2575 742 2634 perperam
757 2554 927 2619 trochaeos
943 2553 1053 2618 audiri
1069 2552 1278 2619 contendunt
1292 2555 1451 2620 nonnulli

231 2655 349 2720 0111101.
369 2653 494 2718 Eadem
512 2655 642 2719 ratione
661 2677 791 2735 semper
809 2655 1013 2720 adamussim
1031 2657 1189 2721 scribitur
1206 2679 1321 2721 revera
1338 2657 1450 2737 epicus

231 2755 382 2820 Miltonii
397 2754 635 2837 decasyllabus.
1389 2753 1396 2768 '

271 2861 425 2926 Poeticae
438 2862 541 2926 otiam
554 2862 719 2939 licentias,
733 2863 786 2926 vel
800 2862 1089 2942 frequentissimas
1103 2863 1193 2945 apud
1206 2864 1333 2944 priores
1347 2864 1451 2944 scrip-

232 2973 327 3046 tores,
348 2968 525 3034 Miltonius
544 2970 580 3033 in
600 2968 760 3034 Paradiso
777 2968 911 3034 Amisso
928 2968 1153 3050 Paradisoque
1171 2963 1380 3050 Recuperato
1397 2970 1450 3035 de

231 3079 360 3140 tractat.
378 3074 476 3139 Inter
492 3097 573 3156 quas
590 3076 765 3140 notissima
783 3079 833 3140 est
849 3076 1063 3154 consuetudo,
1081 3098 1101 3140 a
1116 3077 1268 3158 pristinis
1287 3075 1395 3141 Gallis
1413 3077 1450 3142 in

229 3180 440 3262 decasyllabo
465 3187 612 3261 accepta,
636 3204 696 3262 pro
721 3181 829 3250 nihilo
855 3181 1073 3261 computandi
1100 3182 1264 3265 syllabam
1290 3188 1370 3248 tono
1397 3205 1450 3246 ca·

229 3286 357 3346 rentem
372 3287 449 3346 ante
464 3305 642 3347 caesuram.
658 3283 756 3346 Hanc
771 3284 834 3348 sibi
849 3284 1040 3348 libertatem
1057 3290 1154 3364 poeta
1168 3289 1280 3349 noster
1294 3284 1450 3365 frequen·

231 3389 298 3452 tius
327 3390 363 3454 in
390 3388 507 3453 fabula
534 3412 617 3470 quae
646 3389 765 3455 Comus
794 3390 990 3455 inscribitur
1017 3390 1204 3455 vindicavit
1231 3389 1286 3470 (cf.
1316 3391 1449 3469 Comus,

230 3517 260 3558 v.
286 3495 357 3572 615,
382 3494 467 3573 662).
492 3494 602 3568 Quam
623 3495 724 3576 epicis
747 3497 784 3560 in
805 3497 967 3577 poematis
991 3496 1167 3576 improbat,
1192 3519 1269 3561 cum
1292 3497 1353 3562 illa
1373 3520 1449 3563 raro

229 3607 345 3665 utatur
363 3607 397 3664 et
413 3625 450 3665 60
467 3601 566 3665 modo
582 3601 652 3665 fere
670 3625 800 3682 semper
816 3608 855 3666 ut
871 3603 925 3666 vel
943 3602 1150 3683 syllabarum
1168 3603 1304 3681 coitum,
1321 3605 1377 3669 vel
1393 3627 1450 3669 vo-

231 3703 312 3766 calis
332 3704 505 3768 elisionem
523 3727 584 3783 pro
604 3704 695 3768 dicta
714 3705 808 3784 epica
828 3727 964 3769 caesura
983 3705 1148 3785 conjicere
1167 3707 1281 3785 possis,
1304 3705 1391 3771 sicut
1411 3707 1448 3774 in

228 3832 326 3873 versu
345 3831 351 3872 :
370 3836 384 3869 1
404 3808 544 3874 Created
558 3809 630 3889 hug
648 3808 728 3890 (est)
744 3849 789 3858 ——
803 3817 841 3874 at
851 3810 991 3874 tortasse
1008 3808 1120 3890 huy'st
1134 3849 1179 3858 -
1191 3809 1267 3906 that
1283 3811 1376 3902 surim
1390 3811 1449 3874 the

230 3938 332 3979 ocean
351 3921 508 3979 stream»
534 3916 587 3996 (P.
607 3917 644 3980 L.
664 3917 694 3993 Ι,
713 3917 792 3996 262)
812 3918 866 3981 vel
884 3919 920 3981 in
938 3917 1000 3981 hoc
1023 3942 1029 3981 :
1052 3944 1066 3978 u
1090 3909 1241 3983 Submiss
1260 3920 1315 3983 He
1333 3917 1451 3982 reared

231 4019 319 4098 (me),
338 4020 406 4084 and
422 4021 547 4085 Whom
565 4022 649 4086 thou
666 4023 831 4103 sought’st
849 4023 868 4085 I
885 4045 939 4087 am
960 4049 1037 4093 »-,-
1053 4030 1088 4088 at
1104 4023 1245 4089 fortasse
1262 4023 1304 4087 H
1303 4049 1318 4087 e
1335 4023 1450 4089 rccrcd

230 4120 337 4184 ore'od
357 4121 407 4200 (P.
428 4122 466 4187 L.
487 4123 588 4200 VIII,
611 4122 696 4202 316).
718 4123 883 4188 Italorum
903 4125 995 4189 enim
1015 4125 1205 4205 exemplum
1226 4131 1367 4203 secutus,
1389 4128 1448 4206 qui

230 4228 332 4291 talem
349 4229 385 4293 in
403 4228 534 4293 heroico
554 4233 762 4310 pentametro
779 4229 976 4295 facultatem
994 4232 1190 4309 abnuerant,
1208 4236 1303 4296 vates
1319 4233 1449 4312 paucis·

232 4333 315 4398 sima
334 4333 381 4398 sic
400 4332 535 4400 condita
553 4340 660 4400 metra
678 4338 714 4400 in
734 4335 931 4400 Paradisum
951 4337 1123 4401 Amissum
1142 4343 1175 4403 et
1195 4337 1231 4400 in
1251 4337 1451 4406 Paradisum:
