3634 5152
628 856 785 936 CAPUT
822 851 1048 938 DECIMUM

311 1178 470 1239 ououooo
491 1179 618 1249 ,1110011
645 1179 775 1232 vsasuu
802 1179 981 1232 uuroums
1008 1181 1061 1231 111
1088 1181 1170 1232 sois
1196 1181 1367 1234 11110111

745 1304 937 1358 1111111111
1113 1289 1117 1297 ’

278 1620 458 1685 Rationem
474 1619 680 1700 explorando
696 1644 763 1702 qua
780 1622 889 1702 epicos
905 1645 1021 1703 versus
1036 1623 1214 1688 Miltonius
1231 1629 1302 1688 tam
1319 1647 1455 1688 canoros

236 1727 384 1791 effecerit
404 1729 511 1808 ipsam
530 1750 601 1790 rem
621 1729 658 1791 in
676 1729 839 1808 poematis
858 1751 979 1810 parum
999 1729 1200 1794 curavimus.
1223 1729 1289 1794 Res
1308 1753 1397 1807 vero,
1417 1734 1456 1793 ut

236 1833 295 1912 ille
312 1834 413 1898 facile
429 1832 558 1898 videbit
577 1837 636 1914 qui
653 1841 785 1914 poetam
805 1836 994 1901 accuratius
1012 1837 1101 1915 leget
1120 1842 1152 1901 et
1170 1838 1302 1900 varium
1322 1835 1457 1901 dicendi

237 1942 460 2021 genusvariis
476 1943 512 2005 in
527 1942 608 2005 locis
625 1940 880 2019 animadvertet,
896 1943 933 2007 iu
947 1944 1168 2022 pentametris
1183 1942 1366 2008 scribendis
1380 1930 1452 2024 *plu-

237 2049 362 2112 rimum
381 2048 500 2113 valuit.
522 2047 619 2122 Quod
637 2072 655 2112 e
673 2048 827 2112 Miltonii
845 2050 966 2128 verbis,
989 2077 1002 2111 1
1028 2057 1086 2131 apt
1105 2051 1274 2128 numbers,
1296 2077 1311 2112 1
1336 2051 1457 2131 quibus
1575 2123 1584 2133 ἱ

238 2177 417 2219 numerum
438 2155 488 2219 rei
509 2161 663 2236 aptatum
684 2155 882 2236 intellegere
904 2155 1073 2234 debemus,
1095 2157 1235 2221 fortasse
1258 2155 1458 2240 concluden-

240 2260 320 2325 dum
343 2268 392 2326 est
414 2269 447 2326 01
469 2285 547 2329 sane
568 2263 656 2326 vatis
679 2264 792 2326 animo
815 2264 1009 2329 occurrebat
1032 2287 1109 2328 cum
1132 2263 1257 2328 diceret
1285 2289 1291 2328 :
1317 2290 1331 2325 ‹
1359 2263 1459 2328 With

241 2369 335 2432 other
350 2375 443 2432 notes
457 2368 542 2433 than
556 2375 590 2434 1ο
605 2368 663 2432 the
678 2369 836 2453 Orphean
851 2369 924 2450 lyra
939 2370 957 2432 Ι
974 2393 1060 2451 sung
1076 2371 1111 2434 of
1126 2369 1233 2435 Chaos
1250 2370 1316 2434 and
1332 2371 1460 2435 eternal

241 2474 350 2554 Night
364 2501 378 2536 1
398 2475 451 2555 (P.
465 2475 503 2539 L.
518 2475 588 2551 III,
603 2474 700 2539 17-18
714 2476 801 2540 0101.
815 2476 918 2540 verba
932 2504 946 2538 1
964 2477 1167 2541 answerable
1182 2479 1267 2558 style
1281 2503 1296 2539 1
1314 2479 1351 2540 11
1362 2499 1460 2541 versu

241 2580 280 2644 P.
299 2583 337 2645 L.
357 2581 421 2658 IX,
440 2580 497 2662 20)
520 2587 552 2645 01
571 2604 647 2645 cum
665 2581 858 2662 loqueretur
877 2583 916 2646 de
936 2585 1092 2663 cogitatis
1109 2591 1148 2648 ut
1167 2611 1181 2645 1
1205 2583 1367 2665 thoughts
1386 2585 1461 2648 that

241 2689 421 2769 voluntary
438 2711 533 2752 move
550 2689 777 2754 Harmonious
795 2689 953 2753 numbers
971 2716 986 2751 1
1011 2690 1064 2770 (P.
1082 2690 1120 2754 L.
1139 2690 1209 2768 HI,
1228 2690 1333 2769 38-9).
1353 2690 1463 2754 Ambo

243 2797 344 2872 enim,
356 2818 427 2860 rem
440 2802 473 2860 et
483 2795 594 2871 verba,
608 2818 684 2875 epos
695 2794 871 2858 tractando
884 2803 954 2859 arte
967 2816 1027 2860 sua
1038 2801 1128 2860 arcte
1142 2797 1320 2876 conjunxit
1334 2818 1462 2860 omnes-

244 2925 307 2982 que
324 2904 373 2965 rei
388 2903 548 2967 metricae
563 2909 675 2982 partes
690 2901 732 2966 ad
748 2902 810 2966 hoc
827 2900 1043 2966 efficiendum
1058 2901 1275 2982 adjuverunt.

288 3009 362 3082 Qua
382 3008 423 3072 de
444 3031 553 3085 causa,
575 3010 602 3073 si
622 3014 739 3089 poetae
760 3007 923 3072 vocabula
945 3014 1144 3084 scrutamur,
1166 3031 1206 3071 ea
1226 3007 1373 3070 feliciter
1394 3029 1463 3070 esse

245 3115 350 3178 electa
371 3114 510 3178 diversis
532 3116 568 3177 in
588 3115 669 3178 locis
691 3115 891 3179 notabimus.
915 3114 1000 3178 Oum
1022 3115 1113 3177 enim
1135 3113 1266 3195 aliquid
1286 3114 1465 3179 Millonius

246 3221 431 3286 describere
449 3228 589 3286 conatur
607 3226 817 3301 pentameter
833 3218 956 3284 vividis
973 3220 1111 3284 vocibus
1130 3220 1288 3284 abundat.
1311 3219 1365 3282 Sic
1385 3225 1465 3288 stre-

245 3329 356 3408 pitum
370 3327 571 3391 daemonum
585 3328 643 3406 qui
658 3326 876 3407 Redemptori
892 3327 1077 3408 quiescenti
1092 3325 1342 3391 incommodant
1356 3324 1466 3387 verbis

247 3461 262 3496 1
283 3433 423 3510 howled,
442 3461 457 3496 1
479 3461 493 3496 1
515 3433 625 3515 yelled
644 3460 658 3496 1
681 3441 746 3498 011
770 3433 956 3497 shrieked»
979 3432 1147 3513 gradatim
1170 3433 1222 3514 (P.
1243 3432 1284 3497 R.
1304 3432 1366 3508 IV,
1385 3431 1463 3512 423)

247 3542 375 3621 legenti
391 3542 501 3621 fingit,
520 3543 607 3606 sicut
624 3547 657 3604 01
675 3541 921 3605 Bacchantium
940 3547 1109 3605 catervam
1127 3539 1189 3605 hoo
1206 3562 1305 3603 versu
1327 3563 1333 3602 :
1355 3565 1369 3600 1
1393 3537 1468 3602 that

248 3647 328 3725 wild
342 3655 419 3713 rout
432 3648 506 3712 that
519 3654 591 3711 tore
605 3648 662 3712 the
678 3648 845 3711 Thracian
859 3647 943 3710 bard
958 3673 972 3709 1
996 3646 1048 3727 (Ρ.
1065 3648 1102 3711 L.
1119 3645 1201 3723 VII,
1217 3646 1274 3727 34)
1292 3645 1351 3708 ubi
1366 3644 1469 3708 verba

249 3755 414 3821 1011111110
434 3754 593 3818 videntur
614 3755 753 3831 laniare,
776 3755 887 3822 lenem
909 3758 1052 3817 mortem
1074 3752 1246 3826 vocabulis
1271 3779 1284 3813 1
1313 3775 1333 3816 0
1356 3750 1469 3838 gentle

249 3862 391 3942 waiting
408 3887 422 3922 1
447 3861 500 3942 (Ρ.
517 3863 555 3926 L.
572 3861 658 3939 XII,
674 3861 766 3943 435),
783 3861 906 3924 ultima
921 3859 1053 3924 sedatae
1069 3860 1278 3939 tempestatis
1295 3880 1470 3946 murmura

249 3969 387 4034 vocibus
402 3995 416 4029 1
433 3969 550 4033 hoarse
564 3966 706 4032 cadence
721 3994 736 4029 1
753 3973 827 4051 post
842 3993 856 4028 1
875 3967 945 4030 The
959 3966 1066 4031 sound
1080 3966 1115 4031 oi
1127 3965 1316 4045 blustering
1330 3962 1436 4027 winds
1452 3988 1466 4023 1

253 4075 307 4156 (P.
319 4077 357 4139 L.
370 4075 420 4151 II,
430 4073 567 4154 286-87)
582 4075 762 4154 aviumque
773 4075 810 4136 in
821 4072 981 4138 Paradiso
993 4078 1192 4138 concentum
1202 4072 1312 4136 verbis
1325 4098 1339 4132 1
1354 4069 1472 4134 vernal

252 4184 318 4246 airs
335 4208 350 4243 1
370 4205 456 4263 quae
471 4182 554 4245 folia
570 4181 762 4262 agitando«
784 4187 901 4244 attune
916 4180 974 4244 the
990 4178 1176 4258 trembling
1192 4179 1302 4241 leaves
1320 4203 1335 4238 1
1359 4177 1413 4257 (Ρ.
1432 4177 1470 4240 L.

252 4289 314 4366 iv,
331 4288 482 4369 aar-oo).
