3634 5152
783 388 954 456 ..43-

231 563 234 569 “
259 551 541 634 syllabasortasse
555 551 742 618 adventitia
756 573 924 617 caesuram
939 549 1108 632 praecedit
1124 573 1231 634 neque
1246 551 1282 616 in
1298 573 1477 618 numerum

260 657 470 726 adscribitur.

304 763 340 828 Si
362 785 441 828 vero
463 763 636 844 quaeritur
658 769 773 828 utrum
795 763 919 828 vocalis
942 788 963 844 y
986 764 1132 828 elidatur
1151 786 1196 827 an
1220 785 1297 828 cnm
1320 767 1478 844 sequente

252 869 430 948 ‘coalescat
454 871 517 934 hoc
537 870 649 951 potius
672 870 743 934 fieri
766 869 930 935 credimus
954 895 961 933 ε
987 892 1133 951 namque
1155 875 1190 934 et
1210 870 1339 934 vocales
1362 870 1478 934 ambae

259 976 552 1056 conjungebantur
568 975 657 1055 apud
674 975 778 1040 Italos
796 999 938 1056 quorum
955 976 1159 1040 imitatorem
1176 981 1307 1056 poetam
1326 981 1478 1040 nostrum

259 1081 362 1147 fuisse
374 1087 513 1160 constat,
528 1087 561 1147 et
573 1083 828 1163 conjunguntur
839 1083 949 1148 adhuc
960 1081 1094 1162 vulgari
1108 1082 1294 1162 prolatione
1307 1086 1341 1145 et
1352 1081 1479 1162 primae

259 1185 421 1250 editiones
437 1186 577 1250 minime
592 1186 649 1250 hic
665 1186 817 1251 indicant
832 1185 913 1250 elidi
929 1186 1067 1250 finalem
1081 1210 1112 1265 y.
1127 1184 1223 1249 Idem
1239 1207 1371 1265 quoque
1388 1184 1475 1246 exis-

261 1293 420 1357 timamus
436 1294 524 1373 quod
542 1294 583 1358 ad
603 1293 685 1359 alios
703 1295 881 1358 verborum
898 1295 1007 1359 exitus
1026 1295 1158 1371 attinet,
1176 1298 1288 1370 ut-ow,
1308 1317 1392 1374 quae
1411 1294 1477 1374 syl·

258 1399 336 1463 laba
350 1422 444 1480 saepe
459 1400 548 1480 apud
564 1400 761 1464 Miltonium
777 1424 854 1465 cum
869 1400 1036 1480 sequentis
1051 1401 1145 1465 verbi
1160 1401 1270 1481 prima
1282 1399 1390 1466 vocali
1406 1421 1479 1464 coa·

260 1504 356 1570 lescit
369 1505 433 1583 (ex.
448 1529 496 1586 gr.
511 1505 548 1570 P.
563 1505 601 1569 L.
616 1506 644 1583 I,
660 1507 742 1583 5583
757 1506 805 1583 ΙΙ,
820 1506 891 1581 618;
907 1507 948 1583 V,
962 1506 1043 1584 5753
1059 1506 1102 1583 X,
1117 1504 1199 1583 7173
1215 1505 1279 1582 XI,
1294 1503 1376 1581 757;
1392 1505 1476 1580 XII,

261 1606 341 1683 6133
365 1607 402 1670 P.
425 1606 466 1671 R.
489 1606 518 1683 I,
541 1606 627 1685 140),
650 1630 726 1671 cum
748 1612 839 1671 vates
861 1629 1104 1688 nonnunquam
1126 1608 1241 1671 littera
1262 1629 1289 1668 w
1310 1612 1349 1670 ut
1370 1605 1477 1669 vocali

258 1716 375 1775 utatur
394 1717 437 1788 ot,
457 1712 545 1775 sicut
565 1734 665 1792 supra
688 1711 734 1792 (p.
751 1711 809 1792 27)
830 1710 979 1775 vidimus
998 1712 1021 1788 1,
1042 1710 1195 1776 tb’world
1213 1733 1276 1790 pro
1295 1709 1350 1773 the
1371 1709 1476 1793 world

256 1819 360 1898 possit
371 1819 515 1882 scribare
525 1819 591 1898 (ex.
605 1843 654 1901 gr.
666 1818 857 1900 Lycidas,v.
865 1819 935 1898 80).
944 1817 1090 1891 Quidam
1101 1842 1179 1883 vero
1191 1819 1358 1882 vocalium
1372 1817 1478 1882 coitus

260 1925 296 1987 in
321 1923 482 1989 Paradiso
507 1925 641 1992 Amisso
666 1926 891 2007 Paradisoque
916 1926 1125 2007 Recuperato
1147 1926 1357 2006 frequentius
1383 1948 1476 2006 repe-

259 2031 395 2095 riuntur
411 2053 512 2112 quam
530 2032 565 2095 in
584 2023 726 2096 aliorum
745 2034 945 2113 scriptorum
962 2033 1126 2114 operibus,
1145 2038 1184 2097 ut
1203 2038 1339 2115 apparet
1357 2054 1476 2096 coeun-

259 2137 350 2203 tibus
366 2137 477 2202 verbis
493 2138 572 2214 into,
592 2161 634 2215 so,
655 2143 715 2203 etc.
735 2137 802 2202 Hic
820 2161 959 2220 quoque,
977 2144 1016 2202 ut
1034 2141 1165 2202 constat
1181 2138 1223 2203 de
1240 2136 1410 2202 vocabulis
1428 2138 1477 2200 aa

130 2259 133 2264 ·
259 2247 293 2305 et
310 2253 351 2319 to,
370 2265 456 2322 quae
474 2242 662 2307 coalescunt
683 2243 832 2324 syllabae
849 2244 920 2308 fere
939 2265 1068 2324 semper
1085 2248 1234 2307 tenorem
1253 2265 1320 2306 non
1340 2243 1476 2320 habent,

259 2369 337 2410 cum
349 2347 519 2411 rarissime
532 2348 662 2412 vocales
678 2354 795 2412 coeant
810 2354 887 2412 ante
902 2347 1066 2428 syllabam
1084 2348 1150 2428 (ex.
1164 2370 1212 2427 gr.
1228 2348 1266 2412 P.
1283 2348 1320 2411 L.
1336 2347 1377 2424 V,
1394 2346 1474 2424 6143

258 2452 360 2531 VIII,
379 2453 459 2531 1353
479 2453 543 2530 IX,
562 2453 659 2533 1082)
680 2460 759 2519 tono
777 2455 980 2520 distinctam.

302 2559 338 2624 Si
352 2583 430 2625 vero
445 2559 691 2625 aestimandum
707 2561 752 2625 sit
767 2562 825 2641 qui
841 2563 1017 2626 verborum
1035 2562 1146 2628 exitus
1161 2562 1300 2626 elisione
1314 2561 1367 2628 vel
1383 2585 1477 2627 voca-

258 2667 344 2731 lium
360 2667 450 2731 coitu
467 2667 596 2748 saepius
614 2666 864 2745 abscindantur,
883 2668 945 2732 hoc
962 2668 1172 2748 frequentius
1188 2668 1328 2733 fortasse
1344 2669 1385 2733 fit
1401 2692 1479 2732 oum

258 2771 389 2851 syllaba
405 2770 473 2834 -ble
491 2771 546 2834 vol
564 2770 621 2847 -le,
638 2778 678 2835 ut
695 2773 731 2834 in
747 2795 846 2836 versu
868 2796 874 2834 z
896 2799 910 2832 r
934 2773 999 2836 His
1016 2773 1141 2852 temple
1158 2772 1251 2852 right
1269 2773 1402 2852 against
1420 2773 1478 2836 the

259 2858 437 2959 templssf
454 2877 526 2942 sos
549 2877 633 2957 »(Ρ.
653 2878 690 2942 n.
711 2877 739 2954 1,
758 2879 821 2942 402
841 2883 874 2942 a.
892 2901 907 2938 «
924 2854 1476 2956 Abominablffimutterablffand

259 3006 390 3049 worse»
407 2983 445 3048 P.
462 2983 500 3048 L.
518 2984 567 3060 II,
586 2985 659 3061 626,
677 2989 711 3049 et
725 2984 768 3050 cf.
786 2984 823 3048 P.
841 2984 879 3047 L.
904 2984 964 3061 IV,
982 2986 1063 3061 596;
1083 2985 1184 3062 VIII,
1202 2986 1282 3062 1353
1307 2985 1371 3062 XI,
1388 2986 1476 3063 306),

259 3111 343 3169 quae
362 3095 476 3155 tamen
496 3090 672 3154 nonnullis
693 3091 729 3153 in
751 3091 832 3155 locis
854 3089 917 3169 (ex.
941 3114 989 3171 gr.
1012 3090 1049 3156 P.
1072 3092 1110 3155 L.
1132 3092 1193 3168 IV,
1216 3092 1298 3169 8433
1321 3092 1359 3156 P.
1383 3093 1423 3156 R.
1447 3092 1476 3169 I,

259 3196 340 3272 266;
362 3196 422 3273 IV,
440 3194 517 3275 573)
535 3219 598 3277 pro
615 3197 800 3261 adventitia
818 3202 897 3262 ante
915 3220 1082 3264 caesuram
1103 3204 1137 3262 et
1155 3199 1191 3262 in
1212 3220 1391 3263 numerum
1409 3220 1476 3262 non

258 3300 477 3366 adscribenda
503 3302 633 3382 syllaba
659 3302 776 3367 haberi
804 3306 921 3398 potest.
951 3301 1070 3382 Neque
1095 3304 1186 3368 hunc
1214 3305 1308 3368 verbi
1336 3305 1475 3379 exitum,

257 3412 297 3472 ut
317 3407 405 3488 apud
426 3409 570 3488 tragicos
582 3411 605 3479 ²,
626 3414 704 3472 ante
724 3413 962 3472 consonantem
983 3408 1133 3473 litteram
1153 3409 1189 3472 in
1212 3409 1306 3489 epico
1324 3414 1476 3489 poemate

258 3518 432 3577 coeuntem
453 3513 635 3613 invenie&
634 3512 759 3577 Eodem
781 3536 913 3594 quoque
932 3513 1032 3578 modo
1051 3513 1200 3594 syllabae
1220 3537 1269 3578 -so
1290 3515 1444 3579 inversu
1466 3539 1472 3578 :

256 3645 270 3679 s
291 3619 358 3683 For
373 3643 421 3684 we
437 3620 522 3684 haye
538 3620 606 3683 also
617 3643 683 3684 our
698 3621 843 3699 evening
858 3619 925 3683 and
940 3642 1002 3684 our
1017 3642 1123 3697 morn,
1141 3646 1156 3681 n
1180 3620 1233 3700 (P.
1250 3621 1287 3685 L.
1305 3621 1346 3698 V,
1364 3622 1426 3686 628
1443 3627 1476 3685 et

255 3726 298 3789 of.
317 3726 382 3803 IX,
401 3726 501 3802 10823
521 3727 565 3803 X,
583 3727 664 3803 203;
684 3725 768 3803 XII,
787 3726 879 3806 611),
896 3727 952 3790 vel
969 3751 1025 3790 -uc
1046 3728 1082 3790 in
1098 3732 1308 3809 pentametro
1330 3752 1337 3791 :
1358 3754 1372 3788 r
1397 3727 1476 3790 And

255 3833 340 3896 vital
361 3812 628 3898 virtueinfused
649 3831 715 3896 and
737 3832 822 3897 vital
843 3834 986 3897 warmth
1013 3859 1028 3895 ι
1050 3831 1100 3911 (P.
1124 3832 1162 3896 L.
1186 3832 1266 3910 VII,
1289 3835 1352 3899 236
1376 3838 1410 3898 et
1431 3834 1473 3898 ci,

256 3939 293 4004 P.
316 3938 354 4003 L.
375 3938 436 4016 IV,
458 3938 539 4015 8483
560 3936 705 4039 VLffia
726 3961 764 4002 ao
782 3938 931 4016 fortasse,
952 3937 996 4015 X,
1018 3937 1104 4017 372),
1126 3939 1179 4004 vel
1199 3939 1265 4004 thee
1288 3939 1324 4004 in
1347 3963 1444 4004 versu
1465 3964 1473 4004 ε

257 4069 272 4105 r
289 4045 371 4126 May
386 4045 404 4107 I
422 4066 554 4125 express
570 4043 646 4108 thee
662 4043 869 4108 unblamed?
889 4045 982 4109 since
998 4043 1070 4110 God
1088 4047 1116 4110 is
1133 4044 1225 4126 light
1245 4072 1260 4107 i
1278 4044 1328 4124 (P.
1347 4047 1385 4110 L.
1403 4046 1473 4124 III,

250 4151 314 4232 3³)
336 4174 412 4216 cum
431 4152 568 4215 ineunte
586 4151 733 4232 proximi
750 4151 844 4216 verbi
861 4153 971 4216 vocali
989 4152 1189 4217 coalescunt.

283 4326 309 4376 1.
330 4326 366 4377 Ol.
379 4340 477 4392 qnoque
488 4327 553 4391 apud
566 4327 720 4378 Chaucerum
734 4340 780 4376 aar
794 4341 839 4391 pro
851 4326 934 4378 verbis
947 4342 977 4377 ac
990 4342 1050 4379 was.

282 4403 309 4451 2.
330 4402 366 4453 Gt.
379 4403 406 4452 E.
422 4405 451 4454 Α.
465 4402 563 4464 lbbott,
578 4416 619 4467 op.
632 4401 682 4463 cit,
695 4414 737 4468 pp.
753 4401 853 4461 aas-47,
869 4405 894 4453 et
907 4404 933 4454 J.
949 4402 1078 4468 Schipper,
1095 4417 1133 4468 cp.
1147 4403 1192 4454 cit.
1206 4404 1237 4466 11,
1254 4417 1276 4468 p.
1290 4403 1344 4455 106.

282 4475 309 4528 3.
328 4475 365 4529 Gt
380 4477 404 4531 E.
423 4477 449 4528 l.
464 4477 564 4540 lbbott,
576 4491 614 4543 op.
629 4478 682 4542 cit,
693 4491 717 4543 p.
729 4477 783 4541 344,
798 4477 841 4530 ubi
855 4478 952 4531 similia
964 4478 1074 4531 citantur
1085 4480 1206 4544 exempla
