3634 5152
773 354 925 420 ..9-

419 538 434 569 «
453 513 519 574 Hei
533 513 567 572 di
581 513 667 573 stelle
682 512 852 572 immortali
867 532 963 572 aurea
975 532 1096 574 corona.
1115 537 1130 568 »

998 602 1083 675 (ser.
1101 602 1166 662 urb.
1185 603 1212 675 1,
1231 602 1287 674 12).

237 675 292 742 vel
306 681 381 760 post
396 699 578 756 caesuram,
595 700 646 742 ex.
663 700 712 757 gr.
732 701 739 740 :

419 833 434 864 α
453 809 557 868 Anche
573 809 607 868 di
622 811 697 882 qual
711 809 814 870 ndova
828 809 948 868 schie'ra
964 810 1102 869 s'aduna.
1121 834 1136 864 o

952 898 1046 971 (Dan.
1063 897 1139 970 rur,
1156 898 1221 968 ΙΙΙ,
1239 898 1313 969 120).

281 1032 374 1105 Quae
398 1034 504 1098 altera
526 1039 700 1114 poetarum
722 1034 861 1099 licentia
883 1034 992 1098 rarius
1014 1033 1104 1114 apud
1128 1033 1268 1098 Tassum
1292 1033 1457 1113 reperitur

238 1162 314 1204 cum
330 1140 411 1204 huic
428 1141 493 1221 ipsi
511 1162 642 1221 semper
658 1139 789 1204 studeat
805 1148 844 1206 ut
861 1140 993 1206 iambus
1011 1163 1070 1204 suo
1087 1141 1124 1206 in
1140 1162 1238 1203 versu
1256 1138 1457 1203 dominetur.

280 1244 430 1309 Numero
448 1247 555 1326 igitur
573 1246 779 1326 syllabarum
796 1246 969 1312 heroicum
987 1246 1075 1327 apud
1094 1245 1199 1310 Italos
1218 1251 1364 1310 metrum
1382 1267 1455 1326 per-

237 1352 378 1429 ficiente,
396 1351 542 1416 multum
559 1352 698 1418 interest
714 1358 829 1416 nostra
844 1353 928 1417 scire
943 1375 1025 1432 quas
1041 1357 1191 1433 oporteat
1208 1351 1351 1431 syllabas
1368 1374 1455 1416 com-

236 1462 363 1538 putare.
380 1457 503 1522 Omnes
519 1460 712 1523 referuntur
726 1461 762 1523 in
777 1480 956 1522 numerum
970 1480 1055 1539 quae
1069 1480 1131 1522 nec
1146 1458 1350 1538 syllabarum
1366 1459 1456 1522 coitu

237 1561 393 1626 delentur
411 1582 519 1643 neque
539 1562 687 1640 elisione,
704 1547 840 1627 nullam
854 1584 943 1638 vero,
964 1562 1051 1627 sicut
1071 1562 1161 1643 apud
1179 1562 1306 1641 priores
1327 1560 1454 1638 Gallos,

236 1667 402 1747 prolatam
425 1667 482 1732 sed
503 1674 583 1732 tono
594 1674 762 1732 carentem
774 1668 940 1750 syllabam
949 1673 1209 1732 antecaesuram
1220 1669 1256 1731 in
1274 1689 1453 1730 numerum

236 1796 304 1838 non
320 1774 506 1840 adscribere
521 1776 608 1840 licet.
626 1776 722 1840 Duae
737 1800 868 1857 quoque
883 1778 1063 1841 continuae
1078 1779 1206 1842 vocales
1222 1778 1276 1842 vel
1293 1776 1401 1841 medio
1419 1778 1455 1840 in

235 1881 336 1944 verbo
351 1882 405 1945 rel
422 1882 457 1944 in
472 1881 539 1946 fine
553 1883 646 1946 verbi
661 1880 738 1960 (etsi
754 1885 908 1962 singulae
923 1885 958 1946 in
975 1883 1085 1948 soluta
1100 1884 1244 1964 exprimi
1260 1883 1368 1948 solent
1383 1905 1454 1946 ora-

237 1985 340 2066 tione)
362 1987 399 2050 in
419 2009 521 2051 unam
543 2010 657 2052 versus
678 1986 841 2070 syllabam
864 1993 983 2053 coeunt
995 1989 1018 2066 ¹,
1041 2013 1091 2054 ex.
1116 2012 1164 2069 gr.
1189 2014 1195 2052 :

416 2185 430 2216 «
450 2162 522 2220 Oosi
541 2160 593 2218 all’
613 2180 685 2232 egro
703 2146 822 2220 fanciul
840 2148 1004 2234 porgiamo
1024 2163 1152 2235 aspersi.
1175 2188 1190 2218 o

1025 2252 1109 2325 (Ger.
1126 2253 1191 2312 Lib.
1209 2253 1235 2323 Ι,
1252 2253 1310 2324 21).

414 2380 429 2410 (ι
449 2356 505 2414 Oh'
523 2341 553 2416 io
571 2343 734 2416 cominciai
751 2376 834 2416 come
849 2377 982 2429 persona
999 2359 1116 2416 franca.
1138 2382 1153 2412 n

873 2487 877 2493 ·
987 2457 1077 2528 (Ins,
1098 2457 1144 2528 ΙΙ,
1166 2456 1240 2528 132).

234 2589 302 2653 nisi
317 2590 386 2670 ipse
402 2595 500 2669 poeta
513 2554 689 2653 continuas
703 2589 833 2654 vocales
848 2591 884 2653 in
901 2591 982 2655 duas
999 2591 1144 2672 syllabas
1159 2591 1271 2668 refert,
1289 2597 1329 2656 ut
1346 2615 1352 2656 :

415 2714 430 2782 a
448 2729 511 2788 Vid
527 2729 579 2794 'ilo
594 2730 696 2788 scritti
712 2729 743 2788 al
758 2749 872 2790 sommo
889 2730 983 2789 d'una
999 2737 1100 2802 porta.
1120 2755 1135 2785 o

984 2819 1074 2891 (rur,
1096 2820 1160 2891 111,
1183 2819 1240 2891 11).

276 2950 372 3024 Quod
387 2976 465 3017 vero
478 2954 650 3020 elisionem
662 2976 819 3018 vocamus
831 2960 906 3019 tum
918 2955 1051 3019 notabis
1064 2979 1141 3021 cum
1154 2956 1276 3020 vocalis
1291 2956 1453 3036 quaedam

234 3059 270 3121 in
294 3060 361 3122 fine
382 3055 476 3123 verbi
498 3061 607 3124 vocali
629 3061 804 3141 proximae
827 3061 976 3125 ineuntis
998 3061 1093 3125 verbi
1117 3063 1297 3141 concurrit,
1321 3063 1454 3127 etiamsi

232 3163 374 3227 verbum
395 3162 561 3244 quoddam
583 3187 600 3228 e
623 3164 693 3228 sola
711 3164 820 3228 vocali
841 3165 1030 3246 perfectum
1052 3167 1288 3247 interponitur.
1313 3167 1450 3229 (iunctae

234 3271 326 3334 enim
346 3271 474 3336 vocales
499 3272 657 3337 distincte
678 3273 789 3338 audiri
810 3278 979 3354 poterunt,
1003 3276 1059 3340 sed
1083 3276 1118 3339 in
1140 3298 1242 3339 unam
1265 3298 1367 3356 quam
1388 3298 1451 3340 nu-

233 3398 338 3442 meros
355 3399 468 3441 versus
487 3377 650 3470 syllabam
669 3379 816 3455 coibunt,
833 3385 875 3443 ut
894 3404 900 3443 :

413 3547 427 3576 «
447 3522 492 3580 La
506 3497 648 3593 nojrs'eil
662 3522 725 3580 mal
740 3523 822 3581 della
836 3529 963 3594 passata
978 3524 1037 3582 via.
1057 3548 1071 3578 υ

956 3611 1040 3684 (Ger.
1057 3612 1122 3670 Lib.
1140 3613 1204 3685 III,
1220 3614 1278 3685 32).

274 3736 445 3814 Attamen,
459 3738 488 3802 si
500 3738 588 3800 nolit
599 3737 841 3817 poeta‚vocales
855 3760 922 3802 non
936 3744 1056 3803 coeunt
1070 3744 1112 3817 et,
1127 3763 1204 3806 cum
1217 3746 1336 3805 tonum
1351 3742 1452 3807 habet

195 3937 198 3947 ι
232 3842 342 3921 prima
359 3842 504 3920 illarum,
524 3841 677 3923 singulae
693 3843 764 3908 fere
782 3866 911 3924 semper
928 3851 1157 3924 numerantur,
1177 3870 1227 3910 ex.
1249 3870 1297 3927 gr.
1319 3872 1326 3912 :

411 4011 426 4042 «
460 3988 532 4046 Ocsl
548 3991 631 4045 tutta
647 3987 678 4047 la
694 3994 782 4059 gente
798 3989 891 4047 cheli
908 4008 969 4048 cra.
990 4014 1005 4044 η

798 4078 920 4151 (Purg.‚
941 4080 1055 4152 XXIV,
1074 4080 1133 4153 67).

259 4262 285 4312 1.
307 4262 378 4319 Quod
392 4277 451 4313 roro
464 4276 513 4313 non
528 4263 555 4312 fii
568 4263 590 4312 si
599 4262 680 4314 coitus
693 4264 816 4314 vocalium
825 4279 900 4315 aures
913 4265 998 4329 laedit,
1012 4269 1040 4316 ut
1051 4267 1076 4317 in
1087 4281 1093 4315 :
1104 4256 1234 4331 lbralem,
1246 4272 1352 4332 sajetta,
1368 4284 1449 4336 neque

227 4336 254 4386 in
265 4336 334 4387 verbi
350 4336 423 4387 initio
436 4351 493 4387 cum
507 4337 534 4388 in
550 4339 684 4389 secundam
698 4340 808 4390 vocalem
821 4344 895 4391 tonus
908 4340 1006 4405 incidit,
1019 4343 1085 4393 utin
1102 4358 1108 4392 z
1121 4343 1183 4406 aita,
1199 4358 1281 4396 cerco.
