3634 5152
731 341 906 409 ...77-

210 501 417 582 habitarum,
433 524 502 567 non
518 501 654 568 omnino
671 503 708 568 in
722 500 901 566 verborum
918 499 1050 567 delectu
1067 501 1132 567 sita
1149 501 1203 580 sit,
1220 502 1277 567 sed
1293 503 1433 568 alternis

210 609 403 675 validorum
420 609 613 691 leviumque
630 615 787 674 tonorum
804 609 936 676 vicibus
954 615 1127 690 augeatur.
1147 609 1243 674 Adde
1260 610 1327 676 huc
1345 609 1434 692 quod

212 717 344 800 syllaba
360 739 491 801 quoque
508 718 545 782 in
559 738 659 783 versu
675 739 761 799 quae
778 717 867 782 inter
883 723 1008 782 ceteras
1025 717 1173 782 eminere
1190 715 1288 781 debet
1305 716 1435 782 diverse

212 823 399 889 collocatur
417 823 772 906 interspirationesque
790 824 967 889 variantur
985 846 1070 907 quae
1089 847 1179 890 nuno
1198 824 1281 890 forti
1300 847 1436 889 caesura

211 933 309 1013 prius
319 931 521 997 vocabulum
532 936 702 1013 praestare
714 931 841 1010 sinunt,
853 930 1000 1012 exempli
1013 932 1140 1012 gratia:
1156 957 1170 993 r
1182 931 1281 1010 Sight
1293 930 1436 1009 hatetnl,

213 1042 307 1123 sight
322 1044 531 1123 tormenting
543 1042 668 1126 lllThus
685 1043 779 1108 these
796 1049 871 1120 two,
889 1041 1172 1127 Imparadisedllin
1190 1065 1252 1108 one
1269 1042 1437 1108 another's

214 1173 317 1228 arms,
332 1151 402 1216 The
417 1150 560 1232 happier
574 1149 792 1233 Edenllshall
808 1150 909 1231 enjoy
923 1149 1014 1214 their
1030 1149 1081 1214 fill
1097 1149 1142 1214 Of
1157 1149 1240 1215 bliss
1255 1170 1299 1216 on
1312 1149 1396 1215 ,bliss
1406 1149 1438 1234 y!

214 1257 318 1322 while
334 1256 412 1340 Illto
429 1257 512 1322 Hell
529 1280 584 1323 am
601 1257 724 1334 thrust,
742 1263 804 1322 etc.
826 1255 880 1338 (P.
899 1257 937 1321 L.
958 1257 1019 1334 IV,
1038 1256 1137 1323 bob-8
1155 1265 1190 1322 et
1207 1257 1250 1322 of.
1270 1256 1308 1322 P.
1329 1258 1367 1322 L.
1386 1257 1437 1334 ΙΙ,

216 1365 290 1442 163,
316 1365 388 1443 194,
411 1364 492 1443 249;
517 1365 558 1442 V,
582 1362 732 1444 679-83)‚
757 1386 848 1429 nnnc
871 1365 968 1428 tenui
993 1363 1240 1428 intermissione
1264 1364 1438 1428 recitantis

213 1472 350 1536 animae
360 1475 505 1552 parcunt
510 1471 687 1550 verbisque
698 1468 829 1550 aliquid
835 1469 988 1534 continui
1000 1468 1253 1550 aequabilisque
1265 1469 1438 1549 praebent,

216 1580 366 1661 exempli
379 1581 489 1663 gratia
505 1605 513 1644 ι
528 1607 544 1640 ι
561 1581 580 1646 Ι
594 1580 714 1646 should
726 1580 767 1645 be
780 1581 883 1646 much
895 1580 949 1646 ior
961 1603 1048 1661 open
1061 1579 1180 1663 war‚l0
1194 1581 1306 1658 Peers,
1320 1579 1368 1645 As
1381 1586 1440 1646 not

217 1685 345 1751 behind
359 1688 396 1750 in
409 1687 540 1769 hate,lif
552 1687 722 1758 whatwas
736 1686 842 1770 urged
856 1688 952 1752 Main
965 1710 1082 1752 reason
1096 1695 1131 1752 to
1144 1686 1308 1769 persuade
1322 1689 1439 1750 imme-

219 1792 311 1858 diate
329 1816 398 1858 war
417 1792 486 1858 Did
503 1799 563 1859 not
581 1793 735 1859 dissuade
755 1817 810 1858 me
827 1793 1004 1876 mostland
1024 1817 1112 1858 seem
1132 1799 1167 1858 to
1188 1800 1258 1859 cast
1278 1794 1440 1859 Ominous

219 1899 469 1982 conjecturelon
487 1899 544 1964 the
563 1899 669 1964 whole
689 1921 854 1965 success»
881 1899 934 1982 (P.
955 1901 993 1966 L.
1015 1901 1065 1978 ΙΙ,
1086 1900 1204 1964 119-23
1225 1907 1258 1966 et
1278 1899 1320 1965 cf.
1342 1900 1380 1964 P.
1401 1900 1440 1964 L.
1497 1981 1498 1984 Ἴ

220 2005 440 2084 1X,867-75;
456 2007 495 2086 P.
511 2007 552 2072 R.
568 2007 619 2084 ΙΙ,
634 2007 744 2084 302-6,
759 2005 897 2084 379-82;
913 2007 984 2084 ΙΙΙ,
1002 2007 1129 2087 182-6).
1145 2006 1230 2071 Toni
1245 2006 1348 2084 enim,
1364 2028 1442 2071 cum

219 2117 382 2197 subjectis
413 2116 559 2182 caesuris
591 2115 860 2196 distinguuntur,
883 2139 1038 2193 nervosos
1061 2139 1264 2200 canorosque
1288 2113 1444 2180 efficiunt

221 2224 374 2289 Miltonii
390 2224 500 2305 epicos
516 2245 641 2289 versus.

266 2345 448 2409 Alternum
464 2367 599 2424 quoque,
611 2344 858 2410 usum-notabis
875 2367 1089 2410 caesurarum
1105 2367 1190 2426 quae
1205 2345 1259 2409 vel
1276 2345 1375 2409 initio
1390 2341 1446 2408 vel

224 2453 261 2514 in
275 2451 343 2514 fine
357 2450 561 2532 decasyllabi
576 2450 784 2515 collocantur
799 2457 833 2515 et
848 2473 945 2532 saepe
960 2473 978 2515 e
992 2451 1103 2516 verbis
1119 2475 1138 2514 a
1152 2453 1264 2532 priore
1280 2453 1318 2516 in
1332 2453 1445 2537 proxi-

223 2585 319 2646 mum
335 2585 469 2627 versum
487 2563 738 2627 incurrentibus
757 2565 922 2627 oriuntur.
942 2562 1066 2629 Rarius
1084 2564 1175 2626 enim
1194 2565 1230 2627 in
1248 2563 1330 2628 locis
1349 2585 1445 2631 accu-

224 2671 392 2735 ratissime
404 2693 425 2733 a
436 2675 536 2750 poeta
547 2670 680 2750 scriptis
693 2671 753 2749 qui
765 2668 997 2733 vehementem
1012 2669 1196 2733 oraticnem
1210 2668 1364 2733 referunt
1376 2691 1445 2732 eas-

225 2774 301 2839 dem
327 2799 479 2840 caesuras
505 2777 747 2860 continuasque
775 2776 935 2839 invenies.
964 2775 1020 2839 Sic
1046 2775 1082 2839 in
1108 2775 1171 2839 hac
1199 2774 1448 2855 indignabundi

227 2886 461 2968 Redemptcris
472 2886 514 2951 ad
526 2886 686 2951 Satanam
699 2886 955 2967 compellatione
971 2911 978 2950 τ
993 2912 1007 2948 r
1025 2887 1043 2950 I
1055 2908 1157 2950 never
1168 2884 1259 2952 liked
1270 2886 1331 2967 thy
1343 2885 1448 2971 tellus!

226 2993 288 3074 thy
307 2996 405 3058 offers
424 2996 488 3058 less
499 2993 614 3074 ;lsN0w
634 2994 715 3059 both
735 2991 964 3076 abhor‚lssince
982 2994 1067 3058 thou
1085 2993 1162 3057 hest
1181 2992 1284 3057 dared
1301 3000 1338 3058 to
1356 2979 1448 3056 utter

226 3099 501 3164 Th'a'bcnrinable
516 3099 789 3181 terms,limpious
805 3098 1081 3184 conditionllBut
1096 3101 1115 3164 I
1130 3099 1256 3164 endnre
1270 3100 1329 3164 the
1343 3097 1448 3180 time}
1501 3184 1504 3190 Ι

226 3211 282 3274 till
295 3209 405 3274 which
420 3209 668 3292 expirelehou
680 3211 757 3276 hast
769 3211 968 3293 permission
984 3235 1026 3276 on
1040 3211 1163 3294 messlt
1178 3214 1205 3276 is
1219 3208 1448 3293 writtens'l'he

228 3317 301 3381 first
312 3317 348 3381 of
358 3319 405 3381 all
417 3316 812 3400 commandmentsjlhou
825 3318 914 3382 shalt
925 3318 1153 3400 worships'The
1166 3316 1256 3383 Lord
1267 3318 1329 3398 thy
1342 3315 1448 3401 Gadi!
1547 3304 1549 3307 ⁵

229 3424 295 3488 and
313 3425 393 3504 only
409 3425 493 3487 Him
512 3424 600 3488 shalt
618 3447 720 3502 serve,
739 3430 800 3490 etc.
823 3425 876 3505 (P.
897 3426 938 3490 R.
957 3424 1019 3503 IV,
1038 3422 1172 3504 171-77)
1192 3424 1263 3487 fere
1282 3445 1448 3504 quemque

229 3529 478 3612 decasyllabum
492 3529 738 3596 animadvertes
753 3531 1026 3616 interspiratione
1040 3528 1204 3622 distingui
1220 3553 1239 3594 a
1253 3530 1363 3610 priore
1376 3553 1449 3593 ver-

228 3665 351 3725 susque
373 3665 516 3723 quorum
537 3642 639 3707 verba
663 3642 826 3723 quaedam
849 3641 891 3706 ad
914 3642 1196 3722 significationem
1218 3641 1320 3706 utilia
1342 3643 1378 3705 in
1401 3664 1449 3705 se-

230 3754 389 3830 quentem
406 3755 656 3830 pentametrum
673 3749 852 3814 incurrunt
868 3733 1019 3814 versibus
1036 3747 1165 3813 includi
1183 3748 1219 3812 in
1237 3748 1359 3831 quibus
1377 3770 1450 3812 sen-

230 3857 338 3920 tentia
350 3879 426 3920 curn
437 3861 543 3920 metro
556 3854 689 3922 desinit.
702 3854 799 3930 Quod
810 3855 971 3921 ultimum
984 3854 1154 3920 interdum
1167 3878 1234 3919 non
1246 3856 1450 3929 observatur,

232 3988 308 4030 cum
326 3972 393 4031 tres
412 3965 638 4048 decasyllabos
661 3967 715 4048 (ut
732 3967 771 4032 P.
791 3968 829 4032 L.
850 3967 915 4044 IX,
937 3967 1093 4048 1091-94)
1114 3966 1289 4031 continuos
1308 3986 1451 4047 quorum

231 4073 333 4137 verba
346 4071 510 4153 quaedam
523 4076 559 4139 in
570 4075 764 4156 proximum
778 4075 967 4152 incurrunt,
981 4097 1019 4138 ac
1032 4079 1176 4155 quatuor
1192 4073 1246 4154 (nt
1259 4073 1297 4138 P.
1312 4074 1350 4137 L.
1365 4071 1452 4147 XII,

232 4178 368 4260 295-99)
390 4191 424 4244 et
436 4181 591 4261 quinque
614 4181 667 4261 (ut
686 4181 725 4246 P.
745 4182 786 4245 R.
806 4181 877 4259 ΙΙΙ,
896 4180 1055 4261 298-303)
1076 4181 1223 4263 reperire
1241 4179 1356 4259 possis,
1376 4178 1452 4259 plu-

231 4308 350 4367 resque
367 4287 469 4351 ctiam
487 4288 554 4352 alio
571 4287 608 4351 in
625 4289 697 4352 loco
718 4288 771 4370 (P.
790 4287 829 4352 L.
847 4289 909 4366 VI,
927 4287 1076 4368 240-53).
1096 4287 1268 4365 Attamen,
1287 4286 1452 4350 nonnulla
